2692 4650
594 291 754 397 A

232 479 400 568 syncellus
422 479 482 547 hos
503 499 595 565 reges
609 484 702 546 voeat
716 476 849 544 Tanites
868 475 1042 544 seeundum
1059 476 1179 544 fontem

165 628 269 674 suum.
313 605 400 672 Dieit
426 605 510 672 enirn
531 626 564 691 p.
581 605 655 670 103.
669 604 710 669 D.
733 609 903 689 postquam
926 602 1104 670 Ooneharin
1125 624 1179 669 na

163 730 315 797 mInavit:
337 733 391 794 sal
408 729 595 810 διεδέξαντο
609 735 745 796 Tantum
759 727 902 811 βασιλεῖς
918 726 960 806 δ’,
983 734 1018 793 οἳ
1032 733 1086 793 καὶ
1100 728 1178 811 δβα-
1254 815 1256 819 ,

168 855 317 921 σίλεοσαν
335 849 506 936 Αἰγύπτου
527 853 581 920 ἐπὶ
603 855 658 941 τῆς
679 853 719 930 ιζ’
744 853 932 931 δυναστείας
954 850 1008 938 ἔτι]
1029 851 1111 930 σνδᾌ
1135 846 1179 928 ὦς

166 979 240 1066 ἑξῆς
267 978 491 1063 sacomam».
535 979 618 1046 Tum
647 978 744 1045 habet
772 1000 804 1064 p.
822 976 896 1044 104.
917 979 968 1043 B.:
992 979 1179 1058 Αἰγυπτίων

167 1104 217 1177 ις’
241 1102 427 1187 ἐβασίλευσε
448 1103 575 1189 Σιλίιης
602 1102 655 1190 ἔτι
678 1103 731 1168 ιβ’
755 1109 787 1169 et
808 1123 840 1188 p.
859 1103 932 1168 108.
953 1103 994 1168 D.
1015 1123 1108 1188 reges
1131 1123 1179 1170 se-

168 1236 308 1312 quentes.
324 1265 370 1276 -
396 1228 515 1296 Contra
536 1222 757 1313 Muelleri¹)
787 1226 977 1295 sententiam
1005 1228 1062 1310 qui
1088 1227 1178 1293 dieii:

166 1354 274 1439 „vides
287 1354 469 1440 syncellum
480 1354 514 1419 in
525 1352 612 1420 fonte
627 1372 685 1419 suo
699 1353 858 1438 reperisse
871 1351 1053 1438 dynastiam
1068 1373 1179 1436 regum

167 1485 321 1563 quattuor,
343 1485 377 1545 ut
399 1485 449 1546 est
470 1477 558 1566 apud
579 1477 764 1545 Eusebium.
802 1476 895 1554 Quod
916 1497 974 1562 pro
997 1477 1089 1543 annis
1115 1477 1178 1542 103

167 1604 256 1689 punit
278 1624 378 1671 annos
400 1603 465 1670 259
489 1598 683 1687 (seeundum
704 1602 872 1669 lectionem
895 1598 977 1668 ποθ’
998 1623 1056 1688 pro
1081 1597 1178 1686 δ’δ’)

166 1728 201 1794 id
235 1727 431 1796 incredibilis
464 1727 603 1796 auemris
642 1727 856 1812 negligentiae
890 1721 1046 1795 debetur“
1080 1727 1178 1793 multo

165 1853 257 1920 nobis
291 1851 495 1920 verisimilius
528 1852 654 1920 videtur
687 1872 759 1918 eum
792 1845 974 1936 Lepsi0²)
1012 1851 1178 1920 lectionem

165 1984 345 2064 corruptam
367 1977 493 2062 habere,
516 1984 549 2044 et
570 1976 713 2062 βασιλεῖς
732 1972 767 2041 δ’
789 1976 959 2043 emendare
981 1977 1015 2041 in
1036 1976 1179 2059 βασιλεῖς

166 2097 208 2175 ς’.
247 2101 289 2168 At
317 2122 391 2167 enm
418 2122 482 2168 non
509 2101 552 2167 sit
580 2120 635 2167 eur
661 2101 845 2187 Lepsium
874 2107 1042 2184 sequentes
1071 2121 1179 2184 regem

163 2221 274 2311 Ἀσήθ
294 2204 469 2292 habeamus
490 2245 548 2311 pro
569 2224 672 2311 primo
695 2247 770 2310 rege
788 2225 955 2312 dynastiae
970 2226 1093 2310 XVIII,
1116 2246 1179 2292 me

167 2348 229 2415 lius
244 2349 368 2417 videtur
388 2370 446 2435 pro
470 2349 503 2416 δ’
522 2370 643 2435 ponere
665 2345 703 2434 ζ’,
726 2357 758 2416 et
779 2371 887 2435 regem
905 2347 1014 2436 Ἀσήθ
1033 2349 1179 2414 ultimum

165 2473 260 2559 hujus
288 2473 458 2561 dynastiae
487 2495 632 2560 sensere,
662 2475 746 2542 unde
776 2474 923 2559 efficitur,
953 2481 988 2540 ut
1015 2474 1092 2540 armi
1114 2473 1178 2538 259

166 2619 277 2682 regum
300 2598 318 2663 7
346 2598 434 2685 apud
461 2599 642 2687 Syneellum
674 2600 862 2667 eonveniant
897 2619 968 2665 enm
999 2597 1063 2664 259
1085 2596 1178 2664 annis

167 2724 315 2806 regnmb
338 2722 424 2808 apud
444 2723 628 2810 losephum.
662 2725 785 2791 Pariter
806 2746 838 2810 p.
856 2725 930 2789 104.
945 2724 981 2788 B.
1005 2744 1062 2808 pro
1079 2724 1110 2795 ς’
1124 2743 1178 2808 po-

167 2845 307 2913 nendum
322 2854 371 2914 est
386 2842 423 2924 ζ’.
453 2849 522 2915 Ηοο
537 2849 631 2918 modo
647 2848 841 2916 incredibilis
856 2848 1059 2934 negligentia,
1082 2868 1177 2932 quam

166 2970 382 3062 Muellerus
404 2973 551 3059 Synuello
573 2973 690 3058 tribuit
713 2972 807 3040 faeile
829 2975 896 3040 tolli
919 2980 1033 3058 potest.

629 3170 649 3248 ξ
667 3171 718 3235 17.

216 3308 362 3394 Denique
373 3310 499 3377 tabulas
511 3308 696 3396 adjecimus,
708 3309 742 3374 in
753 3309 867 3393 quibus
880 3261 1045 3396 dynastias
1058 3313 1178 3398 Hysso-

167 3453 273 3499 sorum
284 3441 316 3500 et
327 3435 501 3501 seeundum
508 3433 682 3500 Eusebium
694 3439 726 3501 et
733 3433 952 3520 Scholiastam
961 3443 993 3503 et
1004 3435 1177 3503 seeundum

163 3557 350 3645 Iosephum,
361 3559 554 3642 Africanum,
570 3558 751 3644 Syneellum
767 3566 966 3645 comparatas
982 3561 1095 3627 melius
1107 3581 1177 3627 eon-

164 3702 296 3768 spmras.

220 3858 242 3926 ¹)
264 3857 457 3913 Muellerus
475 3855 529 3910 le.
546 3870 575 3924 p.
588 3856 650 3912 517.
674 3886 707 3898 -
735 3859 758 3927 ²)
781 3857 929 3928 LepsIus
947 3857 1047 3916 chron.
1064 3859 1168 3930 p.424.
