2692 4650
654 306 815 369 79·

593 396 697 404 --——
710 393 750 399 -···““

165 487 238 570 Haq
266 504 330 551 von
353 481 587 568 Ober'agypten.
633 482 696 548 Die
718 481 987 549 Aufst'andisohen
1009 500 1117 548 waren
1143 480 1177 547 in

166 609 224 679 der
244 609 388 692 Festung
410 606 468 674 der
489 606 595 675 Sonne
618 601 807 691 (Heliopolis
814 601 844 690 i)
866 606 932 674 und
954 606 1004 673 ihr
1020 605 1178 674 Anfflhrer
1259 596 1262 601 ’

167 732 297 819 Apepi
310 732 343 797 in
358 731 415 798 der
430 730 524 798 Stadt
537 731 688 797 Hauar
703 725 853 815 (Avaris).
886 731 955 798 Das
969 752 1071 816 ganne
1085 728 1178 799 Laud

170 856 312 925 ersohien
339 876 397 925 vor
424 855 490 921 ihm
518 853 698 940 spendend,
734 854 841 921 indem
869 876 904 923 es
933 856 1016 923 volle
1043 856 1177 922 Dienste

169 981 291 1048 leistete
312 980 379 1047 und
402 980 468 1045 ihm
490 980 552 1046 alle
574 985 672 1063 guten
693 979 906 1064 Erzeugnisse
921 981 1179 1065 Uuteragypteus

168 1105 301 1172 lieterte.
333 1103 408 1171 Und
431 1104 489 1170 der
510 1103 618 1187 Konig
632 1103 737 1189 Apepi
760 1105 911 1172 ervvthlte
934 1104 1002 1171 sioh
1025 1104 1088 1170 den
1103 1103 1179 1170 Gott

170 1225 341 1312 Suteoh²)
370 1248 442 1294 zum
464 1227 568 1294 Herm
593 1227 659 1293 und
682 1247 716 1294 er
738 1228 865 1295 dienete
887 1229 1015 1296 keinem
1037 1228 1178 1296 anderen

168 1352 270 1437 Gotte,
294 1352 431 1420 weloher
453 1351 487 1416 in
508 1351 676 1437 Aegypton
697 1372 765 1418 war
783 1400 791 1418 .
810 1401 817 1418 .
838 1401 871 1419 ..
895 1373 929 1419 er
952 1354 1081 1420 erbaute
1103 1352 1178 1418 dem

167 1476 313 1544 Suteoh
327 1476 420 1545 einen
433 1476 567 1561 Tempel
578 1475 611 1540 in
623 1475 766 1559 schoner,
777 1476 1032 1560 langdauemder
1041 1469 1177 1543 Arbeit.“

235 1600 328 1678 Quod
355 1601 398 1668 ad
425 1600 716 1686 interpretationem
744 1599 839 1686 hujus
867 1602 930 1667 looi
959 1601 1085 1685 attinet,
1106 1600 1177 1686 jam

166 1725 337 1811 Lepsius
361 1725 507 1810 cognovit
528 1724 573 1790 ibi
589 1745 708 1808 regem,
731 1743 825 1806 quem
839 1724 1097 1810 Apepivooavit3
1119 1724 1178 1791 sed

167 1869 240 1916 oum
262 1850 407 1916 ultimum
428 1849 565 1916 nominis
589 1849 715 1932 signum
730 1848 870 1915 nondum
885 1849 1045 1934 explioare
1059 1856 1178 1935 posset,

167 1973 246 2040 illud
268 1973 393 2058 punctis
416 1962 550 2058 adjectis
569 1972 737 2039 indicavit:
759 1968 979 2059 Apepi...²);
1002 1994 1112 2041 verum
1126 1994 1179 2040 ne-

165 2098 268 2183 gavit,
298 2099 396 2164 istum
422 2118 531 2180 regem
557 2117 755 2182 esseneque
777 2118 885 2182 regem
907 2098 988 2182 Pepi
1010 2097 1178 2183 dynastiae

166 2228 313 2305 quartae,
344 2241 438 2306 quem
458 2221 682 2287 Bunsenius
703 2216 867 2306 putavit³),
889 2242 992 2305 neque
1009 2221 1178 2306 Apophim,

167 2367 275 2431 regem
291 2351 461 2432 pastorem,
483 2364 577 2427 quem
589 2345 659 2430 jam
675 2346 921 2419 Salvolinius
942 2347 975 2410 in
996 2347 1178 2430 interpreta-

166 2470 254 2537 tione
267 2472 348 2538 alius
366 2469 510 2554 ejusdem
522 2471 638 2556 papyri
651 2470 751 2555 partis
769 2470 949 2555 suspicatus
960 2464 1068 2555 erat4).
1091 2470 1179 2537 Post·

169 2613 265 2677 quam
291 2593 544 2678 Brugsohius
571 2594 862 2679 interpretationem
889 2594 957 2679 ejus
980 2595 1041 2660 looi
1066 2612 1178 2679 propo-

172 2718 250 2800 suit,
270 2713 570 2801 Uhlemannus⁵)
586 2718 828 2802 explicationem
847 2719 1010 2785 nominum
1024 2718 1129 2804 Apepi
1147 2724 1179 2785 et

169 2837 283 2907 Avaris
304 2841 450 2910 vitiosam
473 2848 505 2908 et
526 2862 673 2908 maneam
693 2842 884 2927 vituperavit
905 2849 1034 2928 propter
1059 2842 1122 2909 duo
1145 2843 1178 2909 in

167 2969 300 3046 unoque
314 2967 409 3033 verbo
429 2964 526 3050 'signa
546 2966 708 3050 negleeta3
732 2967 811 3033 illud
834 2967 987 3051 explicari
1001 2973 1107 3051 potest
1120 2965 1179 3035 As*
1241 2942 1244 2949 Ι

171 3130 379 3140 ..--.-.-.--

227 3207 245 3273 ¹)
268 3205 317 3262 Set
333 3207 465 3279 Typhon:
483 3209 608 3280 Lepsios,
627 3209 697 3267 tiber
714 3209 769 3266 deu
787 3214 878 3267 ersten
896 3210 1179 3282 amusaeterum

164 3323 193 3378 p.
206 3309 242 3364 48
254 3327 296 3381 sq.

220 3416 241 3484 ²)
268 3414 397 3473 Chronol.
415 3434 443 3487 p.
456 3419 491 3474 53
509 3419 538 3474 in
556 3424 651 3475 annot.
669 3451 703 3460 -
729 3420 959 3491 Brugsohius:
982 3422 1095 3494 A-pepj
1115 3423 1178 3492 (as).

166 3520 279 3590 (Geogr.
292 3538 320 3591 p.
333 3522 388 3591 51).

209 3628 231 3693 3)
251 3627 287 3680 H.
305 3628 366 3680 193.

209 3732 231 3797 ⁴)
251 3732 1176 3812 CampaguedeIthamstslegrandtsesostris).Paris1835.p.121.

210 3837 232 3903 ὃ)
252 3836 394 3894 Israeliten
412 3838 469 3893 und
487 3841 608 3911 Hyksos.
634 3843 817 3912 Leipz.1856.
836 3863 864 3914 p.
877 3848 920 3901 77.
