2692 4650
592 292 750 390 ‚ue-

234 471 264 539 3.
287 470 357 539 Nee
371 468 463 537 aliter
476 467 571 536 ordo
586 489 720 553 regum
735 488 770 535 se
782 467 897 536 habet
911 469 1034 554 Regum
1045 466 1180 554 Josephi

164 617 230 664 non
250 594 317 661 nisi
338 594 457 681 primus
478 600 511 661 et
525 591 684 661 secundus
700 593 734 658 in
750 592 862 660 endem
877 593 987 660 ordine
1003 598 1077 659 suut
1091 591 1180 678 apud

164 695 306 789 detersa
329 718 433 786 Saites
446 725 488 785 et
510 718 610 784 Bnon.
654 717 789 803 Josephi
810 716 921 784 tertius
943 717 1115 803 Apauhnas
1136 716 1181 784 le·

167 845 252 930 gitur
273 844 384 911 eodem
405 843 475 908 loeo
497 841 585 927 apud
607 841 792 908 Afiieanum
815 824 1065 928 etSyneellum3
1088 843 1181 909 abest

166 968 253 1055 apud
275 966 448 1035 Eusebium
471 972 503 1032 et
525 965 745 1033 Scholiastam.
782 966 852 1033 Rex
873 966 1054 1052 Aphophis‚
1085 987 1179 1050 quem

164 1091 325 1178 Josephus
353 1097 500 1176 quartum
527 1090 649 1177 posuit,
680 1089 816 1174 eundem
843 1090 947 1157 locum
974 1090 1072 1157 habet
1093 1089 1180 1176 apud
1268 1166 1271 1178 ἱ

167 1216 348 1302 Syneellunr
376 1222 409 1283 et
431 1214 642 1282 Suhuliastam
664 1220 703 1280 et
724 1214 899 1281 Eusebium
927 1214 1100 1281 seeundum
1121 1213 1177 1279 Ar-

164 1340 342 1408 meniaoam
363 1339 556 1423 versionem,
579 1337 638 1405 sed
661 1358 702 1404 ex
723 1338 861 1405 Eusebio
885 1339 918 1404 in
940 1339 1080 1426 Syneelli
1099 1339 1179 1404 libro

164 1463 270 1531 losum
288 1464 433 1549 tertium,
457 1469 489 1530 et
511 1462 598 1548 apud
619 1462 804 1528 Africanum
827 1470 961 1530 sextum.
992 1464 1070 1531 Loci
1093 1462 1178 1546 regis

167 1588 268 1672 quinti
289 1594 323 1655 et
342 1587 428 1657 sexti
449 1587 537 1674 apud
559 1585 639 1654 alios
662 1585 718 1652 alii
739 1593 822 1653 sunt.

232 1713 264 1780 4.
297 1712 445 1797 Denique
478 1710 631 1778 numeri
665 1710 816 1794 singuli
846 1710 1096 1796 singulorum
1123 1731 1180 1778 re·

165 1854 255 1922 gum
277 1843 317 1903 et
337 1813 483 1904 summa
504 1855 634 1902 eorum
648 1833 742 1901 valde
758 1834 949 1920 discrepant.
979 1836 1029 1901 Ex
1044 1835 1179 1920 singulis

166 1980 278 2045 regum
299 1960 440 2028 numeris
454 1980 537 2027 unus
552 1958 647 2025 modo
663 1958 751 2044 apud
767 1980 876 2026 omnes
892 1959 977 2025 idem
993 1966 1056 2044 est3
1077 1960 1180 2044 primo

166 2084 253 2152 enim
289 2084 359 2169 regi
395 2086 436 2151 ab
471 2082 616 2151 omnihus
649 2084 726 2150 anni
759 2083 958 2168 undeviginti
994 2083 1180 2149 tribuuntur.

167 2206 295 2283 Deinde
322 2228 471 2275 numerus
498 2206 630 2275 secundi
656 2207 742 2293 regis
770 2208 862 2275 Bnon
888 2207 975 2296 apud
997 2207 1181 2295 Josephum,
1294 2272 1296 2276 .

168 2329 361 2418 Afrioanum,
385 2332 581 2420 Syneellum·²
604 2340 637 2401 et
657 2334 745 2421 apud
761 2333 948 2417 Eusebium,
971 2332 1183 2398 Scholiastam

167 2443 256 2522 idem
278 2456 346 2524 fere
369 2463 433 2543 est3
457 2457 503 2522 illi
525 2464 590 2525 tres
612 2431 731 2527 habent
752 2479 852 2526 annos
875 2456 1086 2541 quadraginta
1108 2474 1182 2539 qua

172 2584 253 2665 tuor,
271 2580 306 2646 hi
326 2562 537 2667 duadraginta
552 2583 656 2651 modo.
685 2585 771 2651 Inter
786 2589 906 2650 eeteros
921 2601 1014 2665 reges
1029 2600 1182 2647 annorum

171 2720 322 2770 numerus
350 2703 442 2789 regis·
459 2705 627 2792 Aphephis
655 2708 746 2793 apud,
770 2706 960 2792 Josephum,
988 2705 1181 2789 Africanum,

171 2823 353 2911 Syneellum
375 2826 460 2896 idem
483 2836 541 2896 est.
559 2867 603 2878 -
625 2831 752 2914 Reliqui
774 2850 883 2897 onmes
906 2829 1001 2896 valde
1023 2829 1181 2895 differunt.

168 2947 329 3035 Josephus
351 2958 384 3018 et
398 2952 564 3039 Syncellus
588 2955 777 3021 eonveniunt
799 2955 833 3020 in
855 2953 994 3020 numeris
1009 2954 1183 3039 primorum

171 3072 308 3157 quinque
337 3094 463 3163 regum3
493 3099 555 3164 pre
579 3077 713 3164 Josephi
743 3077 826 3144 sexti
852 3077 937 3160 regis
965 3077 1058 3144 annis
1086 3077 1183 3144 habet

169 3195 335 3282 Syncellus
358 3198 439 3268 duos
455 3222 556 3287 reges,
579 3222 711 3286 quorum
731 3202 806 3270 anni
822 3201 994 3286 computati
1010 3196 1066 3286 (29
1076 3215 1114 3270 ÷
1125 3196 1182 3285 20)

168 3336 333 3389 numerum
347 3325 481 3410 dssephi
504 3320 574 3409 (49)
598 3326 726 3393 iaciunt.
761 3325 832 3404 Qua
853 3346 896 3397 ex
917 3326 1113 3410 singulorum
1127 3345 1183 3391 nu·

169 3463 327 3512 merorum
342 3448 556 3534 discrepantia
571 3450 714 3534 effieitur,
729 3456 765 3515 ut
780 3449 876 3516 etiam
890 3470 1043 3532 annorum
1058 3469 1183 3516 summa

108 3641 114 3648 ,
168 3569 324 3665 variasit
347 3570 516 3638 Africanus
531 3575 695 3657 pastorum
711 3571 879 3670 dynastiae
895 3574 1037 3641 decimae
1053 3572 1181 3657 quintae

168 3693 278 3759 tribuit
300 3675 407 3761 annos
424 3694 503 3779 284,
526 3696 686 3783 Josephus
710 3697 894 3775 tesauros
918 3704 950 3764 et
972 3696 1082 3765 desem
1097 3719 1182 3766 men·

122 3802 125 3807 ’
169 3835 222 3885 ses
247 3814 312 3904 (vel
332 3820 398 3887 260
413 3813 544 3904 annos);
567 3839 662 3902 quem
684 3843 847 3890 numerum
870 3822 1035 3908 Syneellus
1056 3841 1182 3907 quoque

970 3944 986 3998 4
