2692 4650
600 275 760 372 Ja-

170 458 344 543 quidquam
367 460 476 522 eontra
497 452 593 521 fidem
608 452 722 537 prioris
740 451 902 520 relationis
917 451 1184 521 Manethonianae

169 583 273 651 habet.
323 580 416 646 Unde
438 584 587 666 apparet,
615 583 816 662 argumenta,
841 597 924 660 quae
947 582 1055 643 eontra
1077 576 1183 644 Mane

168 707 275 775 thenis
303 704 398 771 fidem
424 710 457 772 et
479 702 698 771 auetoritatem
721 702 762 768 de
784 703 1001 788 Hyososorum
1023 703 1118 769 rebus
1142 722 1183 769 ex

169 832 270 901 ultera
291 829 474 899 narratione
496 828 692 913 leprosorum
714 834 842 913 sumpta
860 833 941 911 sunt,
964 826 1081 893 nullius
1097 846 1183 912 pror-

170 975 225 1023 sus
255 953 407 1020 momenti
429 973 518 1037 esse,
548 972 646 1036 quare
668 952 712 1019 ad
734 973 773 1019 ea
795 959 917 1020 tantum
939 951 1031 1019 nobis
1053 970 1181 1038 respon-

168 1078 309 1147 dendum
331 1078 398 1163 erit,
421 1098 504 1162 quae
526 1083 636 1144 eontra
656 1077 795 1163 priorem
817 1077 1026 1164 proferuntur.

638 1291 710 1370 §a

233 1450 337 1537 Hujus
360 1450 549 1518 narrationis
572 1449 668 1517 fidem
686 1449 863 1534 defensuri,
886 1455 1009 1516 tantum
1024 1450 1125 1536 abest,
1147 1457 1183 1519 ut

166 1577 351 1647 Manethoni
373 1597 476 1645 rerum
491 1576 723 1662 Aegyptiarum
744 1575 891 1661 scriptori
909 1573 1023 1642 laudes
1038 1597 1059 1641 a
1073 1574 1181 1642 multis

165 1702 261 1771 nimis
284 1707 319 1769 ut
340 1707 490 1789 putamus
512 1721 646 1786 magnas
669 1701 803 1768 tributas
826 1693 1068 1787 approbemus¹)
1091 1720 1181 1786 prae·

166 1829 276 1897 sertim
303 1848 376 1895 oum
402 1827 504 1895 series
533 1825 602 1912 ejus
629 1847 740 1921 regum
761 1826 992 1913 Aegyptiorum
1014 1826 1181 1911 perlustre-

165 1974 245 2020 mus.
291 1953 402 2037 Neque
431 1952 532 2019 altera
560 1973 600 2018 ex
628 1958 720 2038 parte
748 1951 796 2018 eis
822 1920 971 2018 assentiri
1000 1922 1179 2036 possumus,

165 2078 220 2163 qui
242 2098 370 2145 omnem
391 2076 488 2143 fidem
509 2077 584 2143 huie
599 2076 745 2162 seriptori
760 2069 959 2161 abnegant²)‚
983 2072 1122 2141 manime
1138 2073 1181 2141 ad

165 2202 262 2270 talem
290 2199 479 2268 sententiam
508 2199 595 2268 dueti
617 2237 661 2246 -
684 2200 778 2285 siout,
814 2170 886 2268 aliis
914 2197 1058 2284 omissis,
1087 2199 1180 2267 Uhle-

166 2319 341 2412 mannusl),
357 2363 402 2373 -
423 2347 520 2413 opere
542 2325 682 2410 quodam
699 2324 884 2393 Manethoni
906 2324 987 2405 false
1009 2323 1180 2410 adscripto,

220 2557 240 2623 ¹)
266 2554 321 2624 Sic,
340 2557 372 2609 ut
390 2552 426 2609 ‹le
442 2552 506 2610 aliis
523 2555 639 2623 mosam,
660 2549 924 2622 Engolstoltins
942 2549 985 2605 in:
1003 2549 1180 2621 historiapo

164 2662 224 2734 puli
235 2660 348 2719 Judaioi
364 2659 468 2716 biblios
484 2659 521 2715 ad
538 2658 687 2715 relationes
697 2658 906 2729 peregrinorum
918 2656 1083 2715 examinata.
1107 2658 1179 2715 Hau.

166 2769 249 2838 1832,
272 2766 353 2839 eujus
375 2765 472 2823 laudes
495 2765 590 2824 neseio
605 2782 643 2823 an
660 2765 858 2823 Bunsenius
881 2768 991 2821 tantum
1008 2765 1181 2836 superaverit

163 2874 335 2944 Lpffim

217 2982 240 3049 ¹>
261 2981 339 3037 Inter
356 2978 874 3049 meentioresflengstenbsrgius:
892 2977 1043 3050 Aegypton
1060 2978 1118 3033 und
1133 2978 1180 3037 dio

164 3086 275 3147 Btoher
291 3086 385 3144 llosis.
415 3086 543 3157 Boihage:
562 3084 691 3142 Manetho
710 3085 768 3141 und
785 3085 830 3140 die
848 3085 971 3156 Hyosos3
996 3083 1179 3141 Uhleman·

164 3209 240 3250 nus:
258 3184 403 3249 Israeliten
426 3193 485 3249 und
502 3193 612 3265 Hyosos
635 3193 704 3263 Lpz.
716 3191 796 3247 1856.
813 3207 842 3260 p.
856 3191 899 3247 ta.
915 3221 949 3231 -
972 3191 1180 3249 Knoetelius

164 3300 199 3357 de
220 3299 377 3370 pastoribus
399 3300 449 3370 qui
464 3300 575 3373 Hyssos
595 3304 730 3356 vooantur
754 3299 845 3370 doque
868 3296 980 3370 regibus
1002 3297 1178 3370 pyramidum

165 3406 323 3463 meatibus
339 3405 416 3476 Lips.
427 3406 506 3463 1856.
1040 3408 1042 3414 ’

218 3511 242 3579 ⁸)
264 3511 318 3567 l.o.
328 3527 357 3581 p.
368 3514 415 3571 72:
433 3514 486 3584 „Ilo
497 3512 572 3585 trugt
583 3513 644 3570 sioh
656 3511 799 3583 uuntohst,
817 3511 854 3568 ob
865 3512 983 3569 wirvon
994 3511 1058 3566 dem
1069 3512 1178 3583 tgypti·

164 3617 251 3675 sohen
268 3616 389 3674 Priester
404 3620 534 3679 Manetho
551 3625 648 3691 strong
668 3618 833 3682 historisohe
851 3616 996 3675 Walnheit
1013 3616 1070 3671 und
1088 3617 1179 3675 Treue

166 3728 300 3783 erwarten
317 3722 437 3781 dtrfen?
449 3725 563 3793 ‚usum
580 3727 667 3784 nieht.
700 3725 868 3783 Gesehiohte
886 3724 936 3781 dar
952 3723 1178 3796 Vergangenheit

165 3848 201 3888 au
225 3830 391 3890 lberliefern
414 3830 523 3889 seheint
545 3850 596 3905 gar
613 3833 691 3890 nieht
709 3824 769 3891 sein
787 3829 978 3905 Hauptuueolr
994 3845 1124 3902 genesen
1142 3846 1178 3887 au
