2692 4650
527 292 688 398 A

30 486 34 493 '
165 479 333 569 syncellus
354 478 413 547 hos
435 500 528 566 reges
543 484 635 547 voeat
650 478 783 546 Tanites
802 477 976 546 seeundum
992 477 1112 546 fontem

98 627 202 675 suum.
246 605 334 673 Dieit
358 605 443 673 enim
464 627 497 692 p.
515 606 588 671 103.
603 605 644 670 D.
667 611 837 690 postquam
859 604 1037 672 Ooneharin
1058 625 1112 671 na

97 730 248 798 minavit:
270 733 324 795 aul
341 730 529 810 διεδέξαντο
542 735 679 796 Τανῖιαι
692 728 836 813 βασιλεῖς
851 727 894 807 δ’,
917 734 952 795 σῖ
964 735 1018 794 καὶ
1033 730 1111 813 ἐβα-

102 855 250 922 σίδεσααν
268 849 439 936 Λῖγδπιαν
461 853 515 920 ἐπὶ
537 856 591 942 τῆς
613 853 653 930 ιζ’
677 854 866 931 δυναστείας
887 851 941 940 ἔτι]
962 854 1044 933 ανδ,
1068 848 1112 930 ὥς

100 979 174 1068 ἔξῇς
200 978 424 1063 ἕστοιχείωιαι.
469 980 551 1046 Tum
580 980 677 1046 habet
705 1001 737 1065 p.
755 979 829 1046 104.
850 980 902 1045 B.:
925 981 1112 1060 Αἰγυπτίων

100 1104 150 1178 ις’
174 1103 361 1188 ἐβασίλευσε
381 1103 509 1190 §alteas
535 1102 589 1191 dep
612 1105 664 1168 ιβ’
688 1109 720 1170 et
741 1125 774 1190 p.
792 1105 865 1170 108.
887 1104 927 1169 D.
948 1124 1041 1188 reges
1064 1125 1112 1171 se-

101 1237 241 1313 quentes.
257 1266 304 1277 --
329 1229 449 1297 Contra
469 1223 690 1314 Muelleri¹)
720 1229 910 1295 sententiam
939 1230 994 1311 qui
1020 1229 1111 1295 dieit:

99 1355 207 1440 „vides
220 1355 402 1440 syncellum
413 1355 446 1420 in
457 1353 545 1421 fonte
560 1374 617 1420 suo
632 1354 791 1439 reperisse
804 1353 986 1438 dynastiam
1000 1374 1112 1438 regum

100 1485 254 1564 quattuor,
275 1487 310 1547 ut
332 1486 382 1547 est
404 1479 491 1565 apud
513 1479 697 1545 Eusebium.
735 1477 828 1555 Quod
849 1499 907 1564 pro
930 1478 1022 1545 annis
1047 1478 1111 1543 103

100 1605 190 1690 penit
211 1625 311 1672 annos
332 1604 398 1671 259
421 1599 616 1690 (seeundum
638 1603 805 1669 lectionem
828 1599 910 1668 ανδ
931 1624 990 1689 pro
1013 1598 1111 1687 ανδ)

98 1728 133 1795 id
168 1729 363 1797 incredibilis
397 1729 535 1798 aucturis
575 1728 789 1812 negligentiae
823 1722 978 1797 debetur“
1013 1727 1111 1793 multa

98 1854 190 1921 nobis
223 1852 427 1921 verisimilius
460 1854 587 1922 videtur
620 1873 692 1919 eum
725 1847 906 1939 Lepsi0²)
944 1852 1111 1919 lectionem

98 1985 278 2065 corruptam
300 1978 426 2063 habere,
449 1984 481 2046 et
502 1977 645 2061 βασιλεῖς
665 1973 700 2042 δ’
722 1976 892 2045 emendare
914 1978 948 2042 in
969 1976 1112 2060 βασιλεῖς

99 2098 141 2175 ς’.
179 2102 223 2169 At
250 2123 324 2168 eum
350 2122 415 2167 non
443 2103 485 2168 sit
512 2122 566 2168 eur
593 2102 778 2189 Lepsium
807 2109 975 2185 sequentes
1003 2123 1111 2186 regem

96 2221 207 2311 Ἀσήδ
227 2205 402 2292 habeamus
423 2246 481 2311 pro
502 2227 605 2312 prima
627 2248 703 2312 rege
720 2227 888 2312 dynastiae
903 2228 1026 2313 XVIII,
1048 2248 1112 2294 me

100 2348 162 2416 lius
177 2349 302 2418 videtur
320 2370 378 2437 pre
402 2350 436 2416 δ’
455 2371 575 2436 ponere
598 2347 635 2435 ζ’,
659 2359 690 2419 et
712 2374 820 2437 regem
838 2349 946 2438 ’Λαήθ
966 2353 1111 2418 ultimum

98 2473 193 2558 hujus
221 2474 390 2561 dynastiae
419 2495 564 2560 uensere,
595 2477 679 2544 unde
708 2477 856 2560 efficitur,
886 2483 920 2541 ut
948 2476 1023 2542 anni
1046 2476 1111 2541 259

99 2599 251 2682 regum?
279 2598 366 2685 apud
393 2600 575 2687 Syneellum
607 2602 795 2668 conveniant
829 2622 900 2668 eum
931 2599 995 2666 259
1018 2599 1110 2666 annis

100 2743 212 2806 regum
227 2725 248 2788 6
270 2723 357 2808 apud
376 2724 561 2812 Josephum.
595 2727 718 2792 Pariter
739 2747 771 2811 p.
789 2726 862 2790 104.
877 2725 913 2790 B.
936 2745 994 2810 pro
1011 2725 1043 2797 ς’
1057 2746 1111 2810 po-

99 2846 240 2913 nendum
255 2855 304 2915 est
319 2843 356 2925 C'.
385 2848 565 2918 Haemode
580 2850 774 2917 incredibilis
789 2850 992 2936 negligentia,
1015 2869 1111 2934 quam

98 2971 314 3063 Muellerus
336 2973 483 3059 Syneello
506 2973 623 3058 tribuit
646 2973 739 3041 facile
761 2976 829 3042 tolli
851 2982 965 3060 petest.

562 3171 582 3250 ἓ
600 3171 651 3236 17.

149 3309 295 3395 Denique
306 3310 432 3378 tabulas
444 3309 628 3396 adjecimus,
640 3310 674 3375 in
686 3311 800 3394 quibus
812 3312 977 3398 dynastias
990 3314 1110 3399 Hyeso·

100 3452 206 3499 sorum
217 3442 249 3501 et
259 3435 434 3502 seeundum
440 3435 614 3502 Eusebium
626 3441 658 3501 et
665 3434 885 3521 Scholiastam‚
894 3445 926 3506 et
937 3437 1110 3504 seeundum

97 3557 282 3645 Josephum,
294 3559 487 3643 Africanum,
502 3559 684 3645 Syneellum
699 3567 899 3646 comparatas
914 3562 1028 3629 melius
1040 3583 1110 3629 eon-

99 3702 228 3767 spretas.

153 3859 174 3927 ¹)
198 3858 389 3914 Muellerus
407 3856 461 3912 le.
479 3872 507 3925 p.
520 3857 582 3915 517.
606 3887 639 3900 ·-
668 3860 690 3928 ²)
713 3859 861 3930 Lepsius
879 3858 979 3918 (ihren
997 3877 1025 3931 p.
1037 3861 1099 3918 424.
