2692 4650
591 322 741 420 —ee-

164 504 266 570 sulam
295 502 507 571 revocandum
535 509 598 588 est5
626 502 795 587 requiritur
817 503 902 570 enim
931 509 1006 570 tuno
1028 501 1175 568 Φιλάτου

163 630 231 695 sive
255 628 399 694 notrae.

230 754 312 818 Tum
342 753 446 820 idem
468 759 577 820 eontra
599 753 619 819 J
626 747 860 837 ablonslrii¹)
884 752 1087 836 sententiam,
1119 751 1174 835 qui

163 878 195 942 in
218 884 346 961 pastore
360 879 529 944 Philitione
550 883 711 964 pastorem
726 876 934 943 Philistaeum
955 877 1054 944 latere
1072 875 1175 961 suspi-

163 1008 251 1067 eatur
274 1003 341 1068 sive
362 1003 578 1069 Palaestinum
600 1002 661 1069 ie.
679 1000 846 1085 Judaeum,
868 1002 991 1068 Mosem
1014 1008 1046 1068 et
1068 1001 1175 1086 ipsum

162 1134 337 1212 pastorem,
367 1149 407 1193 ex
429 1134 592 1211 pastorum
615 1121 856 1212 (Israelitarum)
878 1133 973 1210 gente
996 1125 1174 1209 oriundum,

162 1253 362 1337 pastorisque
389 1252 585 1336 provinciam
614 1252 648 1316 in
670 1249 821 1317 Midiame
845 1250 932 1335 apud
955 1270 1101 1317 sooerum
1122 1269 1174 1334 ge

162 1383 292 1461 rentem,
304 1397 413 1443 verum
428 1397 491 1442 non
506 1396 608 1459 aeque
624 1380 715 1441 aoute
731 1381 763 1440 et
778 1374 946 1459 diligenter
957 1381 1053 1457 atque
1065 1380 1170 1440 contra

162 1501 300 1585 priorem
329 1501 547 1568 adversarium
572 1494 728 1584 disputat3
757 1500 880 1580 quaerit
903 1500 1002 1583 enim,
1032 1519 1089 1565 eur
1110 1518 1173 1564 non

163 1624 356 1690 Φυλιστίνου
379 1631 413 1691 ut
435 1625 522 1710 apud
536 1624 712 1709 Josephum
735 1624 833 1706 antiq.
848 1624 873 1688 Ι.
891 1624 933 1688 14
954 1623 1101 1707 legimus,
1123 1621 1175 1689 vel

162 1749 268 1833 potius
297 1749 383 1832 quod
414 1750 484 1834 ipse
506 1749 667 1834 Josephus
694 1747 756 1814 hoo
778 1768 875 1814 sensu
896 1748 1077 1831 frequentat
1098 1753 1176 1812 Ila-

163 1872 328 1939 tammo
361 1873 476 1940 dixerit
503 1872 693 1940 Herodotus.
738 1873 856 1938 Verum
883 1879 991 1939 tamen
1018 1873 1089 1957 ipse
1119 1890 1174 1939 eos

163 1992 343 2082 sequitur2),
359 1999 414 2080 qui
428 1998 512 2062 huno
528 1999 631 2063 looum
646 1997 689 2062 ad
703 1996 982 2063 Manethonianam
998 1996 1038 2063 de
1053 1997 1174 2082 Hyoso

162 2121 208 2186 sis
230 2123 444 2188 narrationem
466 2122 625 2206 respioere
647 2128 785 2206 censent,
809 2122 1055 2188 assentientibus
1071 2121 1173 2187 novis·

162 2244 252 2311 simis
262 2245 415 2312 Herodoti
429 2245 632 2312 historiarum
647 2247 871 2330 interpretibus
881 2243 1026 2330 Baehrio,
1042 2245 1173 2315 Steinio.

625 2547 645 2626 5
662 2548 714 2615 26.

228 2742 424 2809 Herodotum
452 2743 536 2808 enim
568 2742 770 2808 traditionem
798 2740 958 2823 quandam
986 2741 1176 2826 popularem

161 2865 249 2932 haud
276 2866 354 2932 satis
389 2866 580 2932 intellectam
608 2871 640 2932 et
668 2872 773 2931 mente
800 2859 1015 2950 perceptam⁸)
1044 2886 1174 2932 narrare

217 3130 237 3196 ¹)
261 3127 348 3184 Voeo.
359 3125 482 3198 Aegypt.
499 3143 528 3196 p.
541 3127 602 3182 346.

215 3235 237 3303 ⁹)
262 3235 294 3288 L.
303 3249 328 3288 e.
346 3234 369 3289 I.
387 3249 416 3302 p.
429 3233 491 3288 188.

214 3341 238 3408 ⁸)
261 3339 408 3408 Lepsius
427 3337 556 3394 chronol.
568 3353 596 3406 p.
610 3337 675 3392 302:
694 3336 761 3408 „Die
772 3336 933 3408 Eruthlung
949 3341 1025 3408 trtgt
1035 3356 1107 3410 ganz
1119 3339 1171 3395 den

162 3445 385 3501 sohwanlrenden
404 3444 556 3500 Oharalrter
575 3444 651 3499 einer
668 3443 833 3515 Volkssage.
870 3443 967 3500 Sioher
984 3445 1053 3516 ging
1077 3446 1119 3502 sie
1142 3460 1172 3501 so

161 3551 240 3607 nieht
256 3568 312 3607 von
331 3552 385 3605 den
403 3551 542 3606 Priestern
560 3551 646 3606 selbst
665 3549 782 3605 aus.“-
801 3549 947 3626 Rtlthius
964 3568 992 3621 p.
1005 3553 1070 3606 200:
1089 3553 1174 3623 „Mag

162 3657 207 3712 die
229 3658 406 3729 Entstellung
430 3674 488 3712 nun
511 3655 562 3712 auf
581 3655 736 3725 Reehnung
758 3657 808 3710 der
830 3655 902 3727 Sage
926 3658 1012 3714 selbot
1033 3658 1173 3727 kommen,

161 3768 234 3818 etwa
250 3765 313 3819 weil
331 3765 370 3820 sie
389 3765 452 3820 dem
464 3763 556 3820 Volke
574 3762 660 3819 sehon
679 3761 743 3817 halb
756 3763 929 3818 versohollen
941 3780 1005 3833 war,
1023 3765 1092 3820 oder
1109 3780 1174 3834 mag

161 3833 270 3926 siessauf
285 3872 374 3927 einem
392 3867 663 3959 Milsvensttndnisse
680 3869 983 3938 Herodotuberuhenss
