2692 4650
634 865 705 943 §L

167 1050 251 1159 Tot
272 1095 400 1173 tamque
414 1086 522 1155 variae
538 1085 579 1152 de
594 1085 722 1169 regibus
743 1086 932 1171 pastoribus,
956 1086 1012 1170 qui
1026 1094 1177 1155 vocantur

165 1215 307 1301 Hyesos,
343 1212 518 1280 sententiae
546 1209 729 1295 propositae
757 1216 845 1294 sunt,
877 1217 912 1276 ut
941 1210 1015 1296 jure
1043 1212 1176 1296 mireris,

164 1338 250 1406 unde
279 1344 381 1404 tanta·
398 1336 537 1403 virorum
568 1332 731 1400 doctorum
761 1332 990 1418 discrepantia:
1031 1355 1113 1418 quae
1142 1356 1176 1401 re

164 1483 241 1530 vera
269 1461 367 1529 multo
401 1460 504 1525 minor
532 1464 631 1541 esset,
659 1458 689 1524 si
721 1477 847 1542 semper
873 1465 1019 1525 aoourate
1048 1466 1081 1526 et
1108 1459 1177 1524 dili·

165 1593 291 1670 genter,
319 1605 401 1668 quae
429 1605 470 1650 ex
492 1582 631 1648 fontibus
658 1580 721 1647 huo
742 1581 982 1665 pertinentibus·
1001 1582 1177 1675 haurienda

165 1710 243 1795 sint,
272 1708 496 1795 exposuissent
516 1725 620 1788 neque
643 1703 684 1770 de
705 1704 753 1771 eis
776 1703 899 1789 judioio
922 1705 1060 1788 quodam
1082 1713 1177 1773 antea

160 1832 230 1918 jam
252 1833 336 1900 faoto
359 1832 446 1898 duoti
463 1829 673 1916 judioassent.
713 1827 784 1894 Etsi
806 1827 935 1911 quidem
957 1829 1176 1896 historioorum

165 1956 367 2040 maximeque
380 1953 746 2040 Aegyptologorum
765 1951 821 2034 qui
835 1950 981 2019 dicuntur
996 1953 1046 2037 sit,
1068 1975 1176 2021 veram

165 2081 374 2163 omnibusque
383 2047 387 2054 ι
397 2077 592 2164 probabilem
607 2075 648 2142 do
663 2081 771 2142 nostro
786 2082 971 2160 argumento
987 2077 1177 2143 sententiam
1264 2070 1267 2075 ’

166 2223 276 2271 eruere
305 2209 400 2286 atque
428 2221 600 2286 exponere,
628 2206 735 2266 tamen
762 2197 805 2266 ad
828 2200 1045 2283 quaestionem
1068 2201 1178 2284 quiet

166 2347 229 2411 quo
245 2334 387 2413 ternpore
402 2325 518 2392 fuerint
528 2325 654 2410 Hyosos
669 2330 705 2389 ut
716 2317 1059 2409 etiamaTheologo
1076 2346 1177 2410 eoque

165 2451 336 2538 interprete
358 2449 474 2518 veteris
490 2449 688 2533 Testamenti
705 2448 947 2534 respondeatur,
969 2469 1021 2516 res
1044 2449 1116 2535 ipsa
1133 2450 1178 2517 vi·

165 2575 257 2642 detur
272 2575 446 2661 postulare,
472 2572 754 2659 praesertim²rum
777 2573 810 2639 in
831 2573 893 2640 hao
916 2573 1101 2658 quaestione
1123 2574 1177 2642 ad-

164 2700 226 2767 huo
254 2701 335 2767 inter
356 2699 594 2784 Aegyptologos
622 2705 785 2782 tantopere
813 2705 930 2766 vexata
956 2719 1014 2766 suo
1042 2699 1177 2783 quisque

159 2821 282 2908 judicio
306 2823 353 2889 uti
374 2823 500 2890 debeat
534 2819 810 2899 Quamoboausam
831 2829 877 2889 tot
899 2822 1079 2906 talibusque
1100 2824 1176 2892 viris

165 2945 267 3013 dootis
295 2947 536 3033 praeeuntibus,
566 2946 621 3030 qui
649 2945 689 3012 de
715 2952 825 3012 nostra
847 2946 1032 3028 quaestione
1054 2954 1177 3014 senten·

166 3068 245 3149 tiam
272 3070 422 3155 tulerunt,
450 3071 565 3137 iterum
593 3076 701 3136 tamen
730 3068 866 3136 eandem
893 3074 960 3137 rem
988 3074 1122 3138 traotaro
1145 3077 1178 3138 et

165 3191 357 3278 disquirere,
383 3194 528 3277 quamvis
554 3193 750 3261 adolescenti
771 3194 972 3277 arrogantiae
992 3215 1056 3260 nou
1078 3200 1176 3262 verto

165 3320 226 3397 tur,
246 3318 417 3404 praeoipuo
440 3337 527 3402 oum,
550 3316 627 3401 qnid
646 3317 722 3384 novi
743 3353 788 3364 -
811 3317 840 3384 si
861 3317 990 3401 quidem
1003 3338 1120 3385 novum
1135 3317 1194 3386 ds.

166 3447 351 3521 argumento
388 3447 454 3508 tam
494 3461 592 3526 saepe
632 3461 757 3507 summa
797 3461 868 3507 oum
902 3440 1046 3510 dootrina
1078 3447 1175 3524 atquo

166 3560 341 3628 subtilitate
368 3570 558 3647 pertractato
586 3564 620 3630 in
639 3541 751 3631 'lucem
774 3564 909 3650 proferri
938 3563 1041 3651 possit
1068 3599 1112 3610 -
1141 3584 1177 3632 se

165 3684 352 3769 eognovisse
390 3691 494 3770 putot,
532 3708 572 3755 ea
607 3708 672 3772 qua
702 3709 762 3775 par
795 3695 845 3755 est
873 3687 1032 3755 modestia
1065 3709 1177 3774 propo-

162 3827 239 3875 nere
266 3809 404 3877 virorum
439 3808 692 3880 doctissimorum
725 3810 850 3898 judioia
878 3818 911 3879 et
940 3813 1113 3880 sententias
1144 3812 1178 3877 in
