2692 4650
234 882 304 962 Qua
318 882 360 950 de
374 881 566 966 gravissima
581 879 766 962 quaestione
781 878 1036 946 dissertationem
1052 879 1179 966 scripsit

170 1003 442 1091 Greuzerus²)‚
466 1027 507 1073 ex
529 1025 593 1088 qua
614 1004 694 1071 haee
717 1003 830 1071 afferre
852 1004 956 1070 tioeat.
990 1004 1123 1087 Zoega
1140 1004 1179 1079 ,in

165 1133 246 1200 libro
273 1153 331 1200 suo
361 1131 402 1197 de
429 1123 614 1213 obelisois²)
643 1129 677 1194 in
706 1127 767 1194 hao
789 1129 972 1195 Herodotea
998 1128 1178 1195 narratione

169 1256 310 1343 mythum
332 1257 514 1338 obscurum,
538 1272 632 1335 quem
647 1253 718 1338 ipse
733 1252 913 1319 Herodotus
928 1252 1040 1337 primis
1056 1258 1178 1318 tantum

165 1381 262 1449 labris
285 1385 482 1464 gustaverat,
504 1378 603 1444 latore
626 1377 757 1443 sensuit.
801 1379 938 1444 Putabat
959 1377 1060 1461 enim,
1090 1376 1178 1442 illum

164 1505 307 1572 Philitim
328 1525 392 1570 non
415 1504 513 1570 alium
535 1509 630 1585 atque
653 1500 813 1568 Osiridom
835 1501 1032 1584 Philensem‚
1060 1520 1123 1583 qua
1145 1499 1179 1564 in

163 1630 272 1697 maula
293 1636 380 1696 ortns
403 1629 570 1709 ferebatur,
593 1625 713 1708 Deum,
737 1625 788 1690 oui
810 1631 1003 1691 mortuorum
1024 1623 1105 1691 haee
1126 1623 1179 1690 do

164 1754 285 1821 mioilia
308 1748 505 1838 (pyramides
529 1746 610 1834 soil.)
634 1756 822 1817 conservata
845 1749 970 1833 fuerint,
994 1750 1110 1832 quique
1129 1769 1179 1815 eo
1231 1735 1238 1749 ’

166 1878 240 1946 dom
263 1897 361 1944 sensu
383 1881 492 1962 pastor
510 1874 612 1941 dietus
637 1874 687 1958 sit,
711 1893 773 1956 quo
795 1874 952 1940 locutione
974 1893 1034 1939 neo
1051 1873 1180 1939 insolita

165 2022 225 2070 neo
246 2002 329 2068 mira
351 1999 439 2085 apud
453 2000 625 2065 Homerum
648 2018 742 2082 reges
757 1997 902 2064 dieantur
916 2000 1064 2082 ποίμενες
1080 1996 1179 2062 λαῶν.

166 2126 277 2210 Neque
305 2124 347 2192 da
368 2125 495 2209 Hyssos
523 2123 578 2205 qui
599 2122 780 2207 Aegyptum
807 2122 1017 2206 subjugavere
1040 2121 1179 2204 oogitare

165 2250 245 2333 vult,
275 2248 362 2332 quod
389 2248 425 2314 hi
451 2250 546 2315 breve
575 2253 700 2331 tempus
726 2245 890 2331 Memphin
917 2252 1047 2313 tenuere
1074 2264 1178 2328 nequo
1255 2230 1258 2234 i

166 2372 348 2460 hujusmodi
371 2371 519 2439 aedifioia
541 2391 598 2454 pro
620 2371 793 2436 nomadum
808 2370 935 2454 ingenio
952 2376 1034 2435 sunt.
1063 2369 1179 2434 Oontra

166 2497 250 2564 hano
276 2496 582 2581 argumentationem
605 2494 824 2561 Oreuzerus
854 2496 934 2560 bene
956 2493 1092 2578 primum
1115 2513 1179 2559 mo-

169 2620 245 2705 nuit,
266 2620 322 2687 vix
343 2641 416 2687 esse
438 2621 485 2686 eis
509 2617 700 2685 eredendum
724 2618 778 2701 qui
800 2639 896 2701 quam
912 2617 1061 2683 oontemti
1075 2616 1178 2702 Aegy-

171 2744 247 2826 ptiis
262 2743 377 2809 fuerint
389 2750 536 2829 pastores
554 2750 650 2827 atquo
665 2744 757 2810 exosi
763 2738 787 2828 ³)
803 2742 1028 2828 reputaverint,
1050 2742 1178 2825 regibus

171 2864 238 2932 suis
253 2865 395 2950 adeoquo
408 2869 480 2935 Diis
496 2868 556 2935 hoo
574 2868 679 2953 ipsum
694 2875 858 2954 pastorum
872 2887 988 2934 nomen
1002 2866 1179 2952 Aegyptios

168 2990 350 3057 saeerdotes
371 2991 573 3078 imposuisse.
606 2992 699 3057 Adde
715 2993 800 3074 quod
822 2991 959 3076 populus
975 2991 1068 3057 valde
1083 3011 1177 3056 vexa-

166 3119 219 3180 tus
241 3115 275 3180 in
295 3117 515 3201 pyramidibus
539 3116 739 3183 exstruendis
755 3116 826 3181 illos
840 3134 933 3199 reges
952 3133 1085 3199 perosus
1101 3120 1177 3196 erat,

166 3257 298 3320 quorum
326 3234 379 3323 (ut
407 3242 560 3306 bonorum
589 3241 656 3306 soil.
680 3235 810 3325 regum)
839 3239 967 3303 nomine
993 3236 1177 3323 pyramides

165 3364 344 3448 appellatas
372 3363 473 3430 tuisse
503 3364 633 3429 minime
662 3369 908 3429 consentaneum
936 3362 986 3429 sit.
1031 3361 1178 3446 Denique

165 3505 281 3553 nomen
303 3507 407 3570 neque
431 3488 574 3562 Φιλίτιος
595 3508 699 3569 neque
723 3487 913 3559 Φιλιτίωνος
935 3485 978 3552 ad
999 3485 1110 3550 Philas
1133 3485 1177 3549 in-

219 3662 240 3726 1)
265 3615 419 3716 Commenta
437 3661 569 3717 Herodot.
588 3662 660 3726 sls.
678 3677 707 3730 p.
719 3660 780 3715 188.

218 3765 240 3834 ²)
265 3782 293 3834 p.
306 3766 368 3821 389.
387 3769 445 3820 not.
457 3767 502 3820 20.

218 3871 240 3938 8)
263 3871 283 3925 J
289 3871 438 3940 osephus
455 3875 544 3927 oontr.
555 3870 659 3939 Apion.
671 3872 694 3928 Ι.
707 3872 750 3929 14.
776 3872 878 3929 Gener.
892 3872 937 3969 36.
949 3873 994 3929 34.

980 3980 1017 4034 5*
