2692 4650
594 329 753 429 *33-

166 507 344 576 novissima
371 507 550 574 discernere
577 527 642 571 non
664 507 740 572 vult.
787 507 874 572 Bene
897 506 981 572 enim
1004 504 1180 572 cavendum

166 639 232 716 est,
257 651 298 697 ne
315 630 404 715 justo
427 630 578 716 majorem
601 630 667 696 vim
688 629 763 696 huie
785 629 985 697 Herodoteae
1007 629 1179 696 narrationi

168 757 298 839 tribuas,
320 775 401 823 neve
424 755 499 823 inde
521 754 654 823 nimium
676 774 783 839 rogas.

567 1075 705 1143 orrum
727 1055 785 1141 in.

631 1218 651 1296 o
668 1219 720 1284 na.

234 1378 386 1462 Superest
412 1376 564 1460 denique,
592 1383 628 1443 ut
651 1396 733 1459 qnae
756 1376 790 1441 in
812 1377 1022 1444 monumentis
1044 1376 1180 1464 publiois

167 1501 375 1588 Aegyptiacis
403 1520 505 1584 usque
535 1501 578 1567 ad
607 1501 690 1567 hano
718 1507 856 1568 aetatem
885 1500 1057 1586 exploratis
1085 1508 1117 1567 et
1147 1501 1181 1566 in

167 1646 291 1713 papyro
303 1624 442 1708 quodam
456 1625 636 1710 nuperrime
652 1624 788 1691 enodato
804 1625 844 1691 de
856 1625 1071 1710 Hyososorum
1084 1627 1180 1691 rebus

167 1751 296 1818 inventa
318 1750 390 1832 sint,
418 1769 610 1816 enarremus.
655 1750 723 1816 Hos
745 1748 849 1816 fontes
872 1754 1018 1815 aoourate
1040 1756 1073 1815 et
1096 1756 1179 1817 oerte

167 1875 348 1960 exploratos
378 1874 494 1940 summi
521 1874 673 1939 momenti
700 1893 786 1957 esse,
816 1873 961 1940 omnibus
989 1872 1062 1940 aliis
1090 1894 1180 1958 prae

166 1998 324 2082 ferendos,
347 1998 401 2063 vix
424 2004 497 2081 eget
518 1997 742 2064 admonitione.
778 1998 899 2064 Tamen
913 2017 988 2063 vero
1001 2018 1075 2065 ,non
1090 1998 1179 2082 prius

166 2142 263 2206 quam
292 2142 330 2188 eo
359 2121 572 2206 Aegyptologi
602 2122 815 2207 pervenerint,
850 2128 884 2188 ut
913 2120 954 2187 de
984 2121 1179 2204 singulorum

166 2251 439 2312 monumentorum
466 2245 723 2331 interpretatione
752 2245 992 2330 inscriptionum
1019 2245 1123 2312 minus
1146 2246 1180 2311 in

166 2369 310 2438 divorsas
325 2376 433 2456 partes
449 2370 565 2436 abeant
579 2370 764 2453 sententiae,
779 2370 830 2437 his
846 2369 984 2435 fontibus
997 2390 1070 2435 eum
1086 2389 1179 2453 quem

167 2494 259 2560 deoet
280 2495 384 2559 looum
406 2494 544 2578 priorem
566 2494 704 2561 tribuere
726 2513 905 2579 possumus.

233 2617 436 2684 Monumenta
465 2620 505 2684 ab
534 2618 585 2685 his
606 2618 783 2704 peregrinis
807 2625 839 2685 et
860 2617 1027 2684 hostilibus
1050 2618 1178 2702 regibus

171 2739 337 2806 aedifioata
364 2746 516 2825 quantum
546 2743 611 2809 soio
639 2742 779 2808 nondum
810 2741 935 2809 deteota
958 2749 1045 2827 sunt3
1075 2761 1179 2826 neque

171 2863 316 2947 cuiquam
343 2866 455 2932 mirum
484 2866 655 2952 videbitur,
686 2888 794 2934 eorum
822 2867 910 2934 nulla
931 2867 1068 2951 vestigia
1095 2867 1179 2934 inve-

168 2988 242 3073 niri,
272 2990 325 3073 qui
347 2990 515 3075 diligenter
536 2992 753 3076 perpenderit,
782 2990 958 3077 Aegyptios
981 2991 1060 3055 nihil
1083 2990 1179 3077 aliud,

167 3134 264 3197 regno
286 3115 439 3200 restituto,
462 3116 496 3181 in
518 3116 624 3181 animo
647 3114 807 3198 habuisse,
830 3121 926 3198 atque
948 3121 1111 3199 pastorum
1127 3137 1179 3183 ex-

165 3239 328 3322 pulsorum
350 3239 575 3305 dominationis
598 3239 749 3321 reliquias
772 3259 882 3304 omnes
906 3245 938 3305 et
951 3239 1088 3324 vestigia
1112 3239 1179 3305 fun·

165 3360 249 3428 ditus
273 3361 389 3429 delere.
433 3361 525 3439 Quod
547 3384 611 3429 non
634 3384 721 3429 eram
743 3363 932 3446 moniturus,
961 3363 1024 3428 nisi
1053 3362 1179 3446 fuerint,

165 3486 219 3571 qui
247 3486 303 3552 illa
333 3507 373 3552 ex
402 3507 500 3553 eausa
521 3486 721 3554 Manethonis
744 3486 956 3553 narrationem
978 3486 1084 3551 fiotam
1108 3506 1179 3552 oon-

164 3609 351 3676 tendissent.
396 3609 499 3695 Hujus
522 3631 596 3678 vero
625 3611 685 3695 rei,
714 3612 821 3677 omnia
844 3631 952 3678 eorum
975 3618 1179 3679 monumenta

165 3733 270 3800 deleta
292 3753 375 3817 esse,
397 3733 589 3800 luculentum
611 3735 826 3801 testimonium
849 3755 921 3803 esse
943 3741 1062 3820 potest,
1093 3734 1178 3819 quod

164 3856 198 3923 in
219 3855 396 3942 lapidibus,
427 3878 468 3924 ex
491 3858 614 3943 quibus,
637 3860 818 3946 pastoribus
841 3859 983 3945 expulsis
1007 3879 1178 3944 eorumque

165 3979 439 4049 aedificationibus
465 3982 601 4067 eversis,
629 3989 744 4070 postea
767 3983 944 4070 propylaea
965 3983 1179 4053 Oarnaoensia
