2692 4650
622 285 691 364 ,15

591 370 751 386 ——-.—

167 459 309 532 recensio
325 455 508 544 exstitisset,
530 459 662 526 alteram
676 479 748 527 cum
762 460 861 528 altera
874 459 1060 527 collaturum
1074 454 1174 524 fuisse

166 586 339 655 verisimile
353 604 417 650 non
430 591 496 669 est,
513 590 679 669 praeterea
693 583 728 649 in
742 604 814 650 curn
827 586 925 652 rerba
938 585 1031 651 τοῦτο
1046 580 1174 670 μᾶλλον

166 707 392 793 πιθανώτερόν
413 729 469 794 μοι
495 712 647 795 φαίνεται
669 708 724 775 vix
746 709 934 775 conveniunt
944 703 976 792 1).
1020 707 1080 775 His
1104 726 1174 773 oon·

167 833 282 917 cessis,
310 833 407 899 verba
432 833 516 909 τινὲς
538 831 575 898 δὲ
597 831 743 914 λέγουσιν
764 852 829 899 non
850 831 1072 916 significabunt
1093 831 1173 898 alios

166 956 336 1041 scriptores
362 955 543 1039 historicos,
574 975 653 1039 quos
676 956 836 1043 Josephus
863 962 990 1041 praeter
1014 953 1175 1023 Manetho

165 1100 240 1146 nem
268 1079 362 1165 adiit,
391 1079 449 1146 sed
473 1079 659 1146 sacerdotes
684 1080 737 1146 vel
764 1080 970 1166 aegyptiacos
997 1078 1174 1162 historicos,

167 1223 245 1286 quos
267 1203 328 1270 hac
350 1203 392 1270 de
413 1224 448 1270 re
462 1203 611 1270 Manetho
633 1202 804 1288 consuluit3
828 1210 860 1271 et
881 1203 960 1269 illud
982 1202 1063 1268 ἄλλο
1085 1199 1175 1267 ἄντλ-

165 1350 295 1414 γραφον
316 1326 465 1394 Manetho
488 1326 572 1412 ipse,
602 1347 666 1393 non
687 1327 847 1413 Josephus
870 1327 1010 1394 contulit.
1054 1323 1133 1391 Inde
1156 1346 1177 1392 a

165 1451 271 1517 verbis
293 1451 425 1527 τούτους
447 1475 474 1517 κ.
487 1474 514 1516 τ.
526 1451 565 1527 λ,
588 1457 623 1516 ut
636 1451 767 1518 verbum
781 1451 895 1518 iterum
913 1428 1082 1537 repetitum
1097 1452 1177 1534 φησὶ

167 1574 268 1659 docet,
289 1595 353 1641 non
375 1575 513 1661 amplius
527 1574 793 1659 Marathonis,
816 1575 875 1642 sed
889 1576 910 1642 J
916 1573 1059 1659 oscphi
1079 1573 1177 1640 verba

165 1705 353 1783 sequuntur,
382 1698 438 1782 qui
459 1697 659 1768 Manethouis
686 1698 913 1783 narrationem,
941 1719 999 1784 pro
1026 1717 1084 1764 suo
1106 1716 1177 1763 oon·

165 1821 237 1887 silio
260 1821 396 1889 fortasse
417 1821 512 1888 nimis
535 1822 677 1907 longam,
700 1822 899 1908 excerpsisse
920 1822 1054 1889 videtur.

232 1945 345 2035 Utrum
372 1945 511 2030 denique
533 1965 616 2030 quae
637 1946 797 2032 Josephus
826 1952 940 2032 postea
964 1945 1005 2012 de
1027 1945 1177 2029 interpre

165 2068 285 2135 tatione
306 2069 394 2136 vocis
416 2069 543 2154 Hycsos
565 2068 691 2155 adjecit,
712 2069 788 2137 inde
810 2091 831 2137 a
852 2069 957 2137 verbis
980 2068 1017 2134 ἐν
1038 2066 1121 2158 ἄλλῃ
1141 2067 1178 2133 δέ

167 2213 229 2256 τινι
257 2190 359 2278 βίβλῳ
388 2193 452 2258 τῶν
479 2193 726 2273 Αἰγυπτιακῶν,
761 2213 802 2261 ex
829 2194 892 2261 alio
920 2194 999 2259 libro
1025 2191 1177 2260 historiae

166 2312 385 2400 Aegyptiacae
412 2337 433 2383 a
461 2315 651 2384 Manethone
680 2317 857 2403 conscripto
885 2317 1001 2384 hausta
1030 2316 1106 2400 sint,
1135 2336 1178 2382 an

166 2444 202 2503 ut
222 2434 480 2525 Bunsenius²)
504 2446 627 2525 censet,
649 2440 695 2508 ita
716 2439 938 2526 intelligenda,
961 2447 996 2507 ut
1016 2439 1178 2507 Manetho-

166 2580 241 2626 nem
261 2582 326 2628 non
347 2563 441 2630 modo
463 2563 497 2629 in
512 2564 652 2632 secundo
667 2564 934 2651 Aegyptiacorum
948 2565 1037 2650 libro,
1059 2585 1099 2632 ex
1115 2584 1176 2648 quo

166 2683 326 2770 Josephus
354 2686 677 2774 haecexcerpserat,
707 2688 765 2756 sed
794 2688 870 2757 data
892 2689 1058 2756 occasione
1081 2689 1177 2756 etiam

166 2807 200 2871 in
221 2808 323 2894 primo
338 2812 391 2877 vel
411 2810 503 2878 tertio
526 2811 671 2898 ejusdem
694 2813 803 2899 scripti
821 2813 901 2881 libro
918 2813 1024 2880 dehis
1040 2813 1178 2880 locutum
1303 2824 1310 2840 ·

166 2951 238 2998 esse
262 2939 453 3021 statuamus,
476 2957 519 3003 an
541 2936 583 3003 de
604 2936 668 3004 alio
691 2918 830 3022 quodam
851 2936 1053 3005 Manethonis
1074 2938 1177 3025 Aegy-

165 3054 341 3139 ptiacorum
364 3059 551 3145 exemplari,
578 3060 713 3127 sortasse
735 3083 756 3128 a
777 3062 901 3130 Judaeo
925 3061 1064 3146 quodam
1085 3063 1201 3148 inter--

164 3173 313 3264 polato⁸),
336 3189 443 3267 agant,
465 3204 507 3250 an
529 3184 615 3267 quod
636 3185 775 3252 maxime
797 3186 912 3271 placet,
933 3192 969 3252 ut
988 3185 1176 3252 Fruinius

165 3299 336 3370 defendere
366 3305 503 3391 studuit,
530 3305 574 3373 ad
595 3309 693 3375 verba
720 3309 953 3377 aManethone
979 3310 1068 3396 prius
1092 3308 1177 3376 dicta

167 3430 375 3447 ’Ἤ

220 3490 241 3556 ¹)
264 3489 346 3547 Haud
363 3498 565 3552 contemnenda
581 3501 625 3554 est
635 3497 772 3554 Fruinii
784 3501 925 3557 annotatio
939 3502 977 3570 (p.
988 3501 1042 3569 66),-
1061 3498 1176 3557 formam

164 3609 256 3650 accus.
269 3595 341 3664 plur.
353 3603 650 3674 cascautensium,
669 3620 726 3662 non
742 3604 810 3661 item
821 3607 949 3676 Josephc
963 3605 1092 3663 usitatam
1105 3623 1175 3664 csse.

219 3701 242 3767 ²)
264 3702 463 3761 Bunsenius
479 3707 534 3764 l.c.
552 3725 580 3778 p.
592 3708 638 3766 45.

218 3805 241 3872 8)
263 3806 460 3867 Boeekhius
477 3811 497 3867 l.
510 3827 534 3868 c.
552 3830 580 3883 p.
593 3816 658 3888 1203
677 3816 866 3873 Muellerus
882 3817 901 3871 l.
912 3832 937 3872 e.
954 3833 982 3886 p.
994 3817 1057 3874 568.
