2692 4650
536 322 694 419 L

110 522 193 587 vcro,
215 522 257 569 ne
271 501 413 567 Deorum
435 497 515 594 iram
538 497 717 583 concitaret,
739 499 850 565 urbem
872 499 929 583 eis,
953 501 993 566 ab
1011 499 1123 568 incolis

109 626 268 713 prioribus
299 624 456 709 relictam,
490 643 606 710 nempe
633 624 778 709 Ararim,
806 630 975 710 pastorum
1003 627 1123 711 urbem,

109 745 302 836 concessit¹).
336 751 375 816 In
397 770 494 835 qnam
516 748 653 834 ingressi
675 749 789 816 ducem
811 749 873 816 sibi
895 751 1123 818 constituerunt

110 875 333 962 Osarsiphnm,
356 896 418 961 quo
441 882 568 942 auctore
589 881 625 941 ut
646 874 764 941 bellum
787 880 896 943 contra
911 875 1123 963 Amencphim

108 1008 264 1087 gererent,
285 1001 409 1086 legatos
431 1002 474 1069 ad
489 1008 634 1088 pastores
650 1021 671 1067 a
685 1000 851 1068 Tethmosi
870 1022 947 1086 rege
961 1002 1122 1088 expulsos,

108 1127 263 1194 miserunt
270 1121 303 1212 ²),
324 1133 497 1212 rogaturos,
514 1133 550 1194 ut
564 1148 628 1194 una
643 1125 879 1212 expeditionem
894 1126 928 1191 in
941 1126 1123 1214 Aegyptum

109 1249 262 1338 facerent,
292 1252 582 1340 promissurosque,
610 1251 740 1320 Ararim
769 1251 817 1318 eis
845 1253 956 1319 urbem
985 1252 1123 1338 patriam

107 1377 268 1444 redditum
296 1379 345 1444 iri.
389 1379 441 1444 Illi
462 1398 536 1445 vero
565 1377 818 1463 supramodum
847 1377 923 1444 laeti
951 1397 1052 1462 usque
1080 1376 1123 1445 ad

109 1504 246 1571 ducenta
267 1504 366 1570 millia
387 1504 526 1571 unorum
540 1503 685 1603 Regressi,
708 1503 804 1588 paulo
827 1510 901 1589 post
918 1502 1048 1570 Ararim
1070 1523 1122 1571 ve

107 1637 231 1698 nerunt.
276 1628 368 1708 Quod
396 1648 468 1694 curn
496 1648 552 1694 rex
577 1627 807 1714 Aegyptiorum
828 1627 1020 1713 audivisset,
1050 1648 1121 1695 eum

106 1756 256 1823 trecentis
280 1756 419 1822 millibus
432 1755 570 1822 virorum
592 1752 902 1840 pugnacissimornm
917 1752 951 1818 in
966 1754 1122 1838 proelium

108 1900 265 1967 egressus,
292 1887 399 1947 tamen
422 1899 494 1945 cum
516 1878 660 1946 hostibus
683 1883 716 1944 et
737 1883 846 1944 contra
868 1877 956 1944 Deos
978 1898 1121 1963 pugnare

162 2073 183 2141 ¹)
207 2070 281 2145 Πρὸς
298 2075 438 2129 κατάλυσιν
449 2074 495 2128 καὶ
513 2074 607 2140 σκέπην
618 2070 654 2126 ad
672 2069 860 2126 deversorium
879 2074 907 2125 et
923 2072 1062 2142 tutomen3
1081 2067 1122 2127 sic

108 2181 183 2234 recte
200 2177 395 2235 Bursenius
415 2179 465 2236 1v.
484 2195 512 2248 p.
525 2177 579 2233 214
595 2192 665 2248 „zur
678 2175 896 2246 Beherbergung
913 2175 971 2232 und
989 2191 1052 2232 zum
1070 2176 1122 2234 Ob

108 2283 213 2356 dsch;“
231 2284 311 2343 aliter
321 2286 372 2343 111.
384 2301 412 2356 p.
423 2285 525 2341 105.-
537 2282 697 2353 Lepsius‚
710 2279 894 2353 chronologie
915 2278 966 2338 der
977 2279 1122 2354 Aegypter

108 2407 136 2460 p.
151 2393 217 2448 320:
233 2384 314 2464 ,zur
331 2392 493 2463 Erlosung.“
523 2391 566 2448 De
584 2388 786 2462 significatione
804 2389 1030 2461 „deversorium“
1048 2389 1121 2446 coni.

97 2472 205 2568 'nune
219 2500 309 2555 ursos.
322 2501 388 2570 3933
410 2499 481 2555 Pus.
498 2499 573 2555 nor.
586 2498 684 2568 eres,
701 2496 736 2553 ee
749 2497 976 2569 Leg.xl.919.a;
995 2495 1122 2568 Polybi.

109 2604 153 2659 15.
166 2605 197 2675 ὃς
215 2604 298 2660 Diod.
309 2605 332 2660 I.
345 2607 389 2661 61.

164 2711 186 2780 ²)
204 2709 370 2768 Fruiuius
382 2727 410 2780 p.
417 2710 452 2766 85
460 2713 581 2780 annotat,
592 2709 664 2782 ,hcc
673 2709 744 2767 scire
753 2725 809 2766 uon
818 2707 1121 2782 potueruntAegyptiit

108 2820 168 2874 tots
190 2817 360 2886 impurorum
387 2815 535 2887 prudentia
558 2817 649 2873 civilis
671 2814 821 2888 Aegyptiis
845 2817 988 2887 incognita
1010 2831 1121 2875 manere

107 2923 234 2994 debebat,
253 2925 319 2994 qnia
336 2925 472 2982 intereos
489 2924 596 2979 nullum
613 2924 808 2996 commercium
826 2938 887 2979 esse
905 2923 1006 2992 potnit.
1031 2924 1121 2990 Quum

106 3046 173 3088 vero
194 3035 321 3101 pastores
343 3047 359 3086 e
382 3008 456 3086 terra
479 3029 615 3087 Oanccnis
637 3029 735 3093 ecdem
760 3034 884 3099 tempore
908 3034 1120 3100 reverterentur,

107 3137 293 3194 verisimiliter
309 3135 502 3210 conjiciebant,
521 3137 680 3208 conjuratos
697 3133 732 3191 ab
750 3135 812 3192 istis
828 3136 962 3192 auxilium
973 3135 1121 3208 petiisse;“

106 3244 157 3300 sed
175 3242 256 3300 facile
273 3243 408 3316 Aegyptii
431 3260 448 3300 a
466 3243 584 3313 captivis
608 3243 779 3313 leprosorum
798 3248 827 3300 et
843 3247 985 3314 postorum
1002 3244 1048 3299 vel
1066 3242 1121 3298 alio

108 3350 190 3406 modo
212 3351 248 3407 de
268 3351 440 3422 leprosorum
458 3350 596 3420 legatione
613 3351 650 3406 ad
672 3355 798 3420 pastores
817 3351 913 3407 audire
930 3353 1067 3421 poteraut.
1086 3379 1120 3391 -

107 3453 152 3511 Ex
165 3453 403 3514 Chairemonis
420 3457 570 3513 traditione
588 3456 690 3527 leprosi
702 3457 789 3515 Avsri
800 3459 860 3530 Jam
871 3473 999 3528 magnam
1011 3437 1121 3513 turbem

106 3561 251 3618 hominum
268 3561 442 3621 invenerunt:
460 3564 536 3634 apud
547 3564 567 3621 J
568 3563 701 3634 osephum
713 3579 738 3620 o.
750 3564 806 3634 Ap.
818 3565 841 3620 Ι.
854 3567 901 3620 32:
923 3565 1024 3623 τούτους
1043 3566 1071 3618 δ’
1084 3569 1122 3626 εἱς

108 3671 254 3736 Πηλούσιον
270 3673 361 3725 ἐλθεῖν
377 3672 423 3726 sui
439 3674 567 3744 ἔπιινχεῖν
582 3672 696 3746 μυριάσι
712 3672 850 3749 spiciamus
867 3667 934 3726 ὀκτώ
951 3674 1120 3746 succisisqu-

106 3777 201 3850 μένας
220 3773 270 3832 snt
288 3776 335 3832 τοῦ
347 3776 523 3850 bipennibus,
547 3778 580 3838 tc
602 3777 633 3834 ori
657 3781 746 3834 ’θέλειν
763 3783 800 3838 εἱς
817 3776 863 3845 τὴν
879 3779 1011 3849 Atymor
1029 3773 1121 3835 doun.-

105 3886 205 3956 μίζων·
224 3887 264 3944 οἷς
280 3887 376 3956 φιλίαν
392 3886 570 3958 σννθὲμένονς
586 3886 629 3942 ἐπὶ
644 3882 689 3953 τὴν
705 3888 838 3958 mensur
856 3887 1014 3959 στρατεῦσαι.

905 3990 922 4045 2
