<?xml version="1.0" encoding="UTF-8"?>
<!DOCTYPE html PUBLIC "-//W3C//DTD XHTML 1.0 Transitional//EN"
    "http://www.w3.org/TR/xhtml1/DTD/xhtml1-transitional.dtd">
<html xmlns="http://www.w3.org/1999/xhtml" xml:lang="en" lang="en">
 <head>
  <title>
</title>
<meta http-equiv="Content-Type" content="text/html;charset=utf-8" />
  <meta name='ocr-system' content='tesseract 3.04.00' />
  <meta name='ocr-capabilities' content='ocr_page ocr_carea ocr_par ocr_line ocrx_word'/>
</head>
<body>
  <div class='ocr_page' id='page_1' title='image "./defontibusexqui00schugoog_0077.png"; bbox 0 0 2692 4650; ppageno 0'>
   <div class='ocr_carea' id='block_1_1' title="bbox 534 300 757 409">
    <p class='ocr_par' dir='ltr' id='par_1_1' title="bbox 534 300 757 409">
     <span class='ocr_line' id='line_1_1' title="bbox 534 300 757 409; baseline 0 0"><span class='ocrx_word' id='word_1_1' title='bbox 534 300 546 323; x_wconf 84' lang='lat'><strong><em>‘</em></strong></span> <span class='ocrx_word' id='word_1_2' title='bbox 600 310 757 409; x_wconf 59' lang='lat' dir='ltr'>„u-</span> 
     </span>
    </p>
   </div>
   <div class='ocr_carea' id='block_1_2' title="bbox 161 480 1184 3425">
    <p class='ocr_par' dir='ltr' id='par_1_2' title="bbox 167 480 1184 821">
     <span class='ocr_line' id='line_1_2' title="bbox 168 480 1184 573; baseline 0.007 -23"><span class='ocrx_word' id='word_1_3' title='bbox 168 485 268 571; x_wconf 87' lang='lat' dir='ltr'>pepik</span> <span class='ocrx_word' id='word_1_4' title='bbox 290 480 312 570; x_wconf 87' lang='lat'>(.</span> <span class='ocrx_word' id='word_1_5' title='bbox 326 534 355 551; x_wconf 91' lang='lat'>..</span> <span class='ocrx_word' id='word_1_6' title='bbox 373 486 443 571; x_wconf 86' lang='lat' dir='ltr'>pib,</span> <span class='ocrx_word' id='word_1_7' title='bbox 534 483 614 573; x_wconf 82' lang='lat' dir='ltr'>pis),</span> <span class='ocrx_word' id='word_1_8' title='bbox 643 487 704 553; x_wconf 91' lang='lat' dir='ltr'>hoo</span> <span class='ocrx_word' id='word_1_9' title='bbox 726 483 921 555; x_wconf 77' lang='lat' dir='ltr'>ueris-baki</span> <span class='ocrx_word' id='word_1_10' title='bbox 942 488 973 555; x_wconf 93' lang='lat' dir='ltr'>h.</span> <span class='ocrx_word' id='word_1_11' title='bbox 986 508 1014 557; x_wconf 90' lang='lat' dir='ltr'>e.</span> <span class='ocrx_word' id='word_1_12' title='bbox 1037 490 1184 557; x_wconf 81' lang='lat' dir='ltr'>custodia</span> 
     </span>
     <span class='ocr_line' id='line_1_3' title="bbox 167 602 1181 696; baseline 0.007 -22"><span class='ocrx_word' id='word_1_13' title='bbox 167 609 254 675; x_wconf 90' lang='lat' dir='ltr'>urbis</span> <span class='ocrx_word' id='word_1_14' title='bbox 284 602 419 694; x_wconf 83' lang='lat' dir='ltr'>(Waehe</span> <span class='ocrx_word' id='word_1_15' title='bbox 448 610 507 678; x_wconf 90' lang='lat' dir='ltr'>der</span> <span class='ocrx_word' id='word_1_16' title='bbox 535 608 645 696; x_wconf 83' lang='lat' dir='ltr'>Stadt)</span> <span class='ocrx_word' id='word_1_17' title='bbox 675 612 727 678; x_wconf 87' lang='lat' dir='ltr'>vel</span> <span class='ocrx_word' id='word_1_18' title='bbox 755 632 827 677; x_wconf 89' lang='lat' dir='ltr'>oum</span> <span class='ocrx_word' id='word_1_19' title='bbox 854 612 946 696; x_wconf 87' lang='lat' dir='ltr'>signo</span> <span class='ocrx_word' id='word_1_20' title='bbox 973 614 1181 681; x_wconf 79' lang='lat' dir='ltr'>antecedente</span> 
     </span>
     <span class='ocr_line' id='line_1_4' title="bbox 167 731 975 821; baseline 0.002 -21"><span class='ocrx_word' id='word_1_21' title='bbox 167 734 361 818; x_wconf 79' lang='lat' dir='ltr'>vigiliarium</span> <span class='ocrx_word' id='word_1_22' title='bbox 383 736 469 802; x_wconf 89' lang='lat' dir='ltr'>urbis</span> <span class='ocrx_word' id='word_1_23' title='bbox 493 732 701 821; x_wconf 88' lang='lat' dir='ltr'>(Waohthaus</span> <span class='ocrx_word' id='word_1_24' title='bbox 725 736 782 802; x_wconf 89' lang='lat' dir='ltr'>der</span> <span class='ocrx_word' id='word_1_25' title='bbox 804 731 975 821; x_wconf 77' lang='lat' dir='ltr'>sudu).—</span> 
     </span>
    </p>

    <p class='ocr_par' dir='ltr' id='par_1_3' title="bbox 167 859 1183 1071">
     <span class='ocr_line' id='line_1_5' title="bbox 233 859 1183 947; baseline 0.006 -23"><span class='ocrx_word' id='word_1_26' title='bbox 233 859 325 925; x_wconf 90' lang='lat' dir='ltr'>lllam</span> <span class='ocrx_word' id='word_1_27' title='bbox 346 880 421 926; x_wconf 89' lang='lat' dir='ltr'>vero</span> <span class='ocrx_word' id='word_1_28' title='bbox 451 862 709 947; x_wconf 77' lang='lat' dir='ltr'>explicationem,</span> <span class='ocrx_word' id='word_1_29' title='bbox 738 880 834 943; x_wconf 88' lang='lat' dir='ltr'>quam</span> <span class='ocrx_word' id='word_1_30' title='bbox 863 860 952 928; x_wconf 90' lang='lat' dir='ltr'>dedit</span> <span class='ocrx_word' id='word_1_31' title='bbox 974 861 1020 928; x_wconf 88' lang='lat' dir='ltr'>do</span> <span class='ocrx_word' id='word_1_32' title='bbox 1043 863 1183 947; x_wconf 79' lang='lat' dir='ltr'>Rouge</span> 
     </span>
     <span class='ocr_line' id='line_1_6' title="bbox 167 982 1063 1071; baseline 0.003 -22"><span class='ocrx_word' id='word_1_33' title='bbox 167 988 199 1049; x_wconf 91' lang='lat' dir='ltr'>et</span> <span class='ocrx_word' id='word_1_34' title='bbox 220 983 467 1068; x_wconf 85' lang='lat' dir='ltr'>Brugsehius</span> <span class='ocrx_word' id='word_1_35' title='bbox 489 986 636 1071; x_wconf 90' lang='lat' dir='ltr'>probavit</span> <span class='ocrx_word' id='word_1_36' title='bbox 657 991 776 1052; x_wconf 79' lang='lat' dir='ltr'>rectam</span> <span class='ocrx_word' id='word_1_37' title='bbox 797 982 1063 1071; x_wconf 87' lang='lat' dir='ltr'>Bunsenius¹).</span> 
     </span>
    </p>

    <p class='ocr_par' dir='ltr' id='par_1_4' title="bbox 164 1108 1180 2309">
     <span class='ocr_line' id='line_1_7' title="bbox 232 1108 1180 1196; baseline 0.004 -22"><span class='ocrx_word' id='word_1_38' title='bbox 232 1108 343 1191; x_wconf 87' lang='lat' dir='ltr'>Neque</span> <span class='ocrx_word' id='word_1_39' title='bbox 372 1115 479 1175; x_wconf 88' lang='lat' dir='ltr'>tamen</span> <span class='ocrx_word' id='word_1_40' title='bbox 506 1108 602 1195; x_wconf 89' lang='lat' dir='ltr'>hujus</span> <span class='ocrx_word' id='word_1_41' title='bbox 624 1108 798 1176; x_wconf 88' lang='lat' dir='ltr'>testimonii</span> <span class='ocrx_word' id='word_1_42' title='bbox 824 1130 882 1194; x_wconf 89' lang='lat' dir='ltr'>pro</span> <span class='ocrx_word' id='word_1_43' title='bbox 904 1110 1038 1176; x_wconf 87' lang='lat' dir='ltr'>historia</span> <span class='ocrx_word' id='word_1_44' title='bbox 1059 1111 1180 1196; x_wconf 83' lang='lat' dir='ltr'>Hyoso</span> 
     </span>
     <span class='ocr_line' id='line_1_8' title="bbox 166 1233 1178 1318; baseline 0.004 -21"><span class='ocrx_word' id='word_1_45' title='bbox 166 1251 272 1297; x_wconf 88' lang='lat' dir='ltr'>eorum</span> <span class='ocrx_word' id='word_1_46' title='bbox 299 1233 487 1316; x_wconf 81' lang='lat' dir='ltr'>gravitatem</span> <span class='ocrx_word' id='word_1_47' title='bbox 510 1234 793 1317; x_wconf 86' lang='lat' dir='ltr'>Uhlemannus,</span> <span class='ocrx_word' id='word_1_48' title='bbox 821 1240 856 1300; x_wconf 92' lang='lat' dir='ltr'>ut</span> <span class='ocrx_word' id='word_1_49' title='bbox 878 1234 1061 1318; x_wconf 90' lang='lat' dir='ltr'>opinionem</span> <span class='ocrx_word' id='word_1_50' title='bbox 1088 1255 1178 1301; x_wconf 87' lang='lat' dir='ltr'>suam</span> 
     </span>
     <span class='ocr_line' id='line_1_9' title="bbox 166 1355 1176 1442; baseline 0.004 -22"><span class='ocrx_word' id='word_1_51' title='bbox 166 1355 360 1440; x_wconf 71' lang='lat' dir='ltr'>defenderet</span> <span class='ocrx_word' id='word_1_52' title='bbox 383 1357 448 1423; x_wconf 87' lang='lat' dir='ltr'>alia</span> <span class='ocrx_word' id='word_1_53' title='bbox 461 1358 583 1423; x_wconf 90' lang='lat' dir='ltr'>ratione</span> <span class='ocrx_word' id='word_1_54' title='bbox 599 1358 740 1442; x_wconf 85' lang='lat' dir='ltr'>effugere</span> <span class='ocrx_word' id='word_1_55' title='bbox 754 1357 864 1442; x_wconf 84' lang='lat' dir='ltr'>potnit,</span> <span class='ocrx_word' id='word_1_56' title='bbox 883 1377 979 1440; x_wconf 90' lang='lat' dir='ltr'>quam</span> <span class='ocrx_word' id='word_1_57' title='bbox 994 1358 1080 1441; x_wconf 92' lang='lat' dir='ltr'>quod</span> <span class='ocrx_word' id='word_1_58' title='bbox 1095 1359 1176 1424; x_wconf 92' lang='lat' dir='ltr'>huno</span> 
     </span>
     <span class='ocr_line' id='line_1_10' title="bbox 165 1481 1178 1568; baseline 0.004 -23"><span class='ocrx_word' id='word_1_59' title='bbox 165 1501 322 1565; x_wconf 85' lang='lat' dir='ltr'>papyrum</span> <span class='ocrx_word' id='word_1_60' title='bbox 344 1487 487 1566; x_wconf 90' lang='lat' dir='ltr'>tempore</span> <span class='ocrx_word' id='word_1_61' title='bbox 509 1481 683 1547; x_wconf 88' lang='lat' dir='ltr'>Ptolemaei</span> <span class='ocrx_word' id='word_1_62' title='bbox 705 1481 908 1566; x_wconf 84' lang='lat' dir='ltr'>Philadelphi</span> <span class='ocrx_word' id='word_1_63' title='bbox 929 1483 981 1548; x_wconf 87' lang='lat' dir='ltr'>vel</span> <span class='ocrx_word' id='word_1_64' title='bbox 1003 1484 1101 1549; x_wconf 91' lang='lat' dir='ltr'>multo</span> <span class='ocrx_word' id='word_1_65' title='bbox 1124 1504 1178 1568; x_wconf 80' lang='lat' dir='ltr'>po</span> 
     </span>
     <span class='ocr_line' id='line_1_11' title="bbox 165 1604 1179 1691; baseline 0.005 -22"><span class='ocrx_word' id='word_1_66' title='bbox 165 1604 296 1670; x_wconf 88' lang='lat' dir='ltr'>steriore</span> <span class='ocrx_word' id='word_1_67' title='bbox 325 1606 475 1690; x_wconf 86' lang='lat' dir='ltr'>seriptum</span> <span class='ocrx_word' id='word_1_68' title='bbox 504 1604 636 1691; x_wconf 89' lang='lat' dir='ltr'>ejusque</span> <span class='ocrx_word' id='word_1_69' title='bbox 664 1612 823 1671; x_wconf 90' lang='lat' dir='ltr'>auetorem</span> <span class='ocrx_word' id='word_1_70' title='bbox 852 1605 988 1672; x_wconf 86' lang='lat' dir='ltr'>fortasse</span> <span class='ocrx_word' id='word_1_71' title='bbox 1010 1627 1051 1673; x_wconf 88' lang='lat' dir='ltr'>ex</span> <span class='ocrx_word' id='word_1_72' title='bbox 1073 1628 1179 1674; x_wconf 88' lang='lat' dir='ltr'>narra-</span> 
     </span>
     <span class='ocr_line' id='line_1_12' title="bbox 164 1726 1177 1815; baseline 0.005 -23"><span class='ocrx_word' id='word_1_73' title='bbox 164 1728 250 1794; x_wconf 91' lang='lat' dir='ltr'>tione</span> <span class='ocrx_word' id='word_1_74' title='bbox 266 1729 487 1796; x_wconf 87' lang='lat' dir='ltr'>aManethone</span> <span class='ocrx_word' id='word_1_75' title='bbox 501 1729 576 1795; x_wconf 85' lang='lat' dir='ltr'>fieta</span> <span class='ocrx_word' id='word_1_76' title='bbox 585 1729 734 1795; x_wconf 81' lang='lat' dir='ltr'>hausisse</span> <span class='ocrx_word' id='word_1_77' title='bbox 745 1728 957 1795; x_wconf 80' lang='lat' dir='ltr'>contenderet.</span> <span class='ocrx_word' id='word_1_78' title='bbox 972 1726 1177 1815; x_wconf 87' lang='lat' dir='ltr'>Lepsius²)</span> 
     </span>
     <span class='ocr_line' id='line_1_13' title="bbox 165 1851 1177 1939; baseline 0.004 -23"><span class='ocrx_word' id='word_1_79' title='bbox 165 1851 261 1917; x_wconf 91' lang='lat' dir='ltr'>istum</span> <span class='ocrx_word' id='word_1_80' title='bbox 283 1873 441 1939; x_wconf 84' lang='lat' dir='ltr'>papyrum</span> <span class='ocrx_word' id='word_1_81' title='bbox 464 1853 615 1938; x_wconf 86' lang='lat' dir='ltr'>seriptum</span> <span class='ocrx_word' id='word_1_82' title='bbox 637 1852 772 1938; x_wconf 89' lang='lat' dir='ltr'>eonjeoit</span> <span class='ocrx_word' id='word_1_83' title='bbox 793 1859 899 1920; x_wconf 88' lang='lat' dir='ltr'>aetate</span> <span class='ocrx_word' id='word_1_84' title='bbox 921 1854 1007 1938; x_wconf 82' lang='lat' dir='ltr'>regis</span> <span class='ocrx_word' id='word_1_85' title='bbox 1022 1855 1177 1922; x_wconf 84' lang='lat' dir='ltr'>Tuthmes</span> 
     </span>
     <span class='ocr_line' id='line_1_14' title="bbox 164 1970 1178 2063; baseline 0.002 -22"><span class='ocrx_word' id='word_1_86' title='bbox 164 1976 249 2041; x_wconf 90' lang='lat' dir='ltr'>tertii</span> <span class='ocrx_word' id='word_1_87' title='bbox 267 1971 355 2062; x_wconf 84' lang='lat' dir='ltr'>(dyn.</span> <span class='ocrx_word' id='word_1_88' title='bbox 368 1973 498 2062; x_wconf 85' lang='lat' dir='ltr'><strong>XVIH),</strong></span> <span class='ocrx_word' id='word_1_89' title='bbox 521 1970 800 2060; x_wconf 83' lang='lat' dir='ltr'>Brugsohius³)</span> <span class='ocrx_word' id='word_1_90' title='bbox 818 1978 904 2060; x_wconf 79' lang='lat' dir='ltr'>regis</span> <span class='ocrx_word' id='word_1_91' title='bbox 918 1978 1099 2063; x_wconf 83' lang='lat' dir='ltr'>Menephta,</span> <span class='ocrx_word' id='word_1_92' title='bbox 1123 1978 1178 2060; x_wconf 88' lang='lat' dir='ltr'>qui</span> 
     </span>
     <span class='ocr_line' id='line_1_15' title="bbox 164 2100 1175 2186; baseline 0 -21"><span class='ocrx_word' id='word_1_93' title='bbox 164 2100 233 2184; x_wconf 84' lang='lat' dir='ltr'>regi</span> <span class='ocrx_word' id='word_1_94' title='bbox 249 2101 406 2167; x_wconf 84' lang='lat' dir='ltr'>Rhamses</span> <span class='ocrx_word' id='word_1_95' title='bbox 417 2101 465 2165; x_wconf 91' lang='grc' dir='ltr'>ΠΙ</span> <span class='ocrx_word' id='word_1_96' title='bbox 480 2100 642 2184; x_wconf 85' lang='lat' dir='ltr'>suooeseit,</span> <span class='ocrx_word' id='word_1_97' title='bbox 665 2101 791 2167; x_wconf 79' lang='lat' dir='ltr'>saeculo</span> <span class='ocrx_word' id='word_1_98' title='bbox 807 2100 930 2167; x_wconf 88' lang='lat' dir='ltr'>deoimo</span> <span class='ocrx_word' id='word_1_99' title='bbox 946 2101 1055 2186; x_wconf 81' lang='lat' dir='ltr'>terti03</span> <span class='ocrx_word' id='word_1_100' title='bbox 1076 2101 1175 2166; x_wconf 93' lang='lat' dir='ltr'>Bun·</span> 
     </span>
     <span class='ocr_line' id='line_1_16' title="bbox 165 2218 695 2309; baseline -0.002 -20"><span class='ocrx_word' id='word_1_101' title='bbox 165 2218 336 2307; x_wconf 85' lang='lat' dir='ltr'>senius⁴)</span> <span class='ocrx_word' id='word_1_102' title='bbox 361 2226 419 2291; x_wconf 90' lang='lat' dir='ltr'>sub</span> <span class='ocrx_word' id='word_1_103' title='bbox 441 2225 592 2309; x_wconf 88' lang='lat' dir='ltr'>dynastia</span> <span class='ocrx_word' id='word_1_104' title='bbox 606 2225 695 2289; x_wconf 88' lang='lat' dir='ltr'>XIX.</span> 
     </span>
    </p>

    <p class='ocr_par' dir='ltr' id='par_1_5' title="bbox 161 2346 1178 3425">
     <span class='ocr_line' id='line_1_17' title="bbox 230 2346 1178 2434; baseline 0.002 -22"><span class='ocrx_word' id='word_1_105' title='bbox 230 2347 273 2413; x_wconf 85' lang='lat' dir='ltr'>At</span> <span class='ocrx_word' id='word_1_106' title='bbox 288 2367 359 2413; x_wconf 91' lang='lat' dir='ltr'>oum</span> <span class='ocrx_word' id='word_1_107' title='bbox 373 2348 558 2433; x_wconf 84' lang='lat' dir='ltr'>Brugsohio,</span> <span class='ocrx_word' id='word_1_108' title='bbox 575 2347 832 2434; x_wconf 85' lang='lat' dir='ltr'>interpretatione</span> <span class='ocrx_word' id='word_1_109' title='bbox 849 2346 944 2432; x_wconf 88' lang='lat' dir='ltr'>hujus</span> <span class='ocrx_word' id='word_1_110' title='bbox 959 2347 1075 2433; x_wconf 93' lang='lat' dir='ltr'>papyri</span> <span class='ocrx_word' id='word_1_111' title='bbox 1089 2355 1178 2415; x_wconf 88' lang='lat' dir='ltr'>reeta</span> 
     </span>
     <span class='ocr_line' id='line_1_18' title="bbox 162 2471 1177 2557; baseline -0.002 -19"><span class='ocrx_word' id='word_1_112' title='bbox 162 2471 283 2557; x_wconf 88' lang='lat' dir='ltr'>posita,</span> <span class='ocrx_word' id='word_1_113' title='bbox 312 2472 492 2538; x_wconf 77' lang='lat' dir='ltr'>consentire</span> <span class='ocrx_word' id='word_1_114' title='bbox 517 2493 580 2538; x_wconf 93' lang='lat' dir='ltr'>non</span> <span class='ocrx_word' id='word_1_115' title='bbox 609 2492 793 2557; x_wconf 85' lang='lat' dir='ltr'>possumus,</span> <span class='ocrx_word' id='word_1_116' title='bbox 822 2471 877 2553; x_wconf 93' lang='lat' dir='ltr'>qui</span> <span class='ocrx_word' id='word_1_117' title='bbox 906 2471 981 2538; x_wconf 92' lang='lat' dir='ltr'>inde</span> <span class='ocrx_word' id='word_1_118' title='bbox 1008 2471 1177 2557; x_wconf 80' lang='lat' dir='ltr'>oonoludit,</span> 
     </span>
     <span class='ocr_line' id='line_1_19' title="bbox 162 2594 1176 2681; baseline 0.003 -21"><span class='ocrx_word' id='word_1_119' title='bbox 162 2595 442 2662; x_wconf 88' lang='lat' dir='ltr'>Manethonianum</span> <span class='ocrx_word' id='word_1_120' title='bbox 456 2616 568 2679; x_wconf 84' lang='lat' dir='ltr'>regum</span> <span class='ocrx_word' id='word_1_121' title='bbox 582 2596 797 2681; x_wconf 88' lang='lat' dir='ltr'>Hyososorum</span> <span class='ocrx_word' id='word_1_122' title='bbox 813 2594 955 2661; x_wconf 87' lang='lat' dir='ltr'>ordinem</span> <span class='ocrx_word' id='word_1_123' title='bbox 971 2596 1088 2661; x_wconf 82' lang='lat' dir='ltr'>falsum</span> <span class='ocrx_word' id='word_1_124' title='bbox 1104 2617 1176 2663; x_wconf 90' lang='lat' dir='ltr'>esse</span> 
     </span>
     <span class='ocr_line' id='line_1_20' title="bbox 163 2719 1173 2805; baseline 0.002 -21"><span class='ocrx_word' id='word_1_125' title='bbox 163 2719 299 2803; x_wconf 88' lang='lat' dir='ltr'>ideoque</span> <span class='ocrx_word' id='word_1_126' title='bbox 322 2719 551 2803; x_wconf 78' lang='lat' dir='ltr'>corrigendum.</span> <span class='ocrx_word' id='word_1_127' title='bbox 596 2719 743 2786; x_wconf 87' lang='lat' dir='ltr'>Nondum</span> <span class='ocrx_word' id='word_1_128' title='bbox 765 2719 849 2785; x_wconf 90' lang='lat' dir='ltr'>enim</span> <span class='ocrx_word' id='word_1_129' title='bbox 873 2719 926 2785; x_wconf 89' lang='lat' dir='ltr'>ille</span> <span class='ocrx_word' id='word_1_130' title='bbox 950 2720 1173 2805; x_wconf 73' lang='lat' dir='ltr'>comprobavit,</span> 
     </span>
     <span class='ocr_line' id='line_1_21' title="bbox 163 2839 1170 2929; baseline -0.001 -20"><span class='ocrx_word' id='word_1_131' title='bbox 163 2844 247 2910; x_wconf 88' lang='lat' dir='ltr'>huno</span> <span class='ocrx_word' id='word_1_132' title='bbox 261 2863 369 2926; x_wconf 84' lang='lat' dir='ltr'>regem</span> <span class='ocrx_word' id='word_1_133' title='bbox 385 2843 490 2928; x_wconf 85' lang='lat' dir='ltr'>Apepi</span> <span class='ocrx_word' id='word_1_134' title='bbox 505 2839 569 2927; x_wconf 87' lang='lat' dir='ltr'>(vel</span> <span class='ocrx_word' id='word_1_135' title='bbox 583 2843 689 2928; x_wconf 82' lang='lat' dir='ltr'>Apepi</span> <span class='ocrx_word' id='word_1_136' title='bbox 704 2893 712 2908; x_wconf 88' lang='lat'><em>.</em></span> <span class='ocrx_word' id='word_1_137' title='bbox 729 2839 751 2927; x_wconf 90' lang='lat'>.)</span> <span class='ocrx_word' id='word_1_138' title='bbox 766 2843 902 2908; x_wconf 89' lang='lat' dir='ltr'>eundem</span> <span class='ocrx_word' id='word_1_139' title='bbox 918 2863 991 2909; x_wconf 88' lang='lat' dir='ltr'>esse</span> <span class='ocrx_word' id='word_1_140' title='bbox 1005 2843 1170 2929; x_wconf 84' lang='lat' dir='ltr'>Apophim,</span> 
     </span>
     <span class='ocr_line' id='line_1_22' title="bbox 163 2952 1172 3053; baseline -0.003 -20"><span class='ocrx_word' id='word_1_141' title='bbox 163 2967 252 3053; x_wconf 86' lang='lat' dir='ltr'>eujus</span> <span class='ocrx_word' id='word_1_142' title='bbox 269 2967 418 3033; x_wconf 87' lang='lat' dir='ltr'>Manetho</span> <span class='ocrx_word' id='word_1_143' title='bbox 441 2968 510 3033; x_wconf 89' lang='lat' dir='ltr'>loeo</span> <span class='ocrx_word' id='word_1_144' title='bbox 533 2986 630 3052; x_wconf 84' lang='lat' dir='ltr'>supra</span> <span class='ocrx_word' id='word_1_145' title='bbox 651 2966 780 3032; x_wconf 88' lang='lat' dir='ltr'>laudato</span> <span class='ocrx_word' id='word_1_146' title='bbox 800 2952 992 3032; x_wconf 86' lang='lat' dir='ltr'>mentionem</span> <span class='ocrx_word' id='word_1_147' title='bbox 1008 2966 1094 3051; x_wconf 84' lang='lat' dir='ltr'>facit,</span> <span class='ocrx_word' id='word_1_148' title='bbox 1116 2964 1172 3033; x_wconf 91' lang='lat' dir='ltr'>sed</span> 
     </span>
     <span class='ocr_line' id='line_1_23' title="bbox 162 3091 1173 3176; baseline -0.002 -18"><span class='ocrx_word' id='word_1_149' title='bbox 162 3092 365 3158; x_wconf 88' lang='lat' dir='ltr'>verisimilius</span> <span class='ocrx_word' id='word_1_150' title='bbox 386 3091 519 3175; x_wconf 77' lang='lat' dir='ltr'>videtur,</span> <span class='ocrx_word' id='word_1_151' title='bbox 542 3091 638 3156; x_wconf 91' lang='lat' dir='ltr'>alium</span> <span class='ocrx_word' id='word_1_152' title='bbox 661 3111 733 3156; x_wconf 88' lang='lat' dir='ltr'>esse</span> <span class='ocrx_word' id='word_1_153' title='bbox 755 3096 917 3176; x_wconf 87' lang='lat' dir='ltr'>pastorum</span> <span class='ocrx_word' id='word_1_154' title='bbox 940 3110 1048 3174; x_wconf 82' lang='lat' dir='ltr'>regem</span> <span class='ocrx_word' id='word_1_155' title='bbox 1072 3097 1173 3176; x_wconf 86' lang='lat' dir='ltr'>poste·</span> 
     </span>
     <span class='ocr_line' id='line_1_24' title="bbox 161 3213 1174 3299; baseline -0.005 -17"><span class='ocrx_word' id='word_1_156' title='bbox 161 3216 254 3282; x_wconf 79' lang='lat' dir='ltr'>rionis</span> <span class='ocrx_word' id='word_1_157' title='bbox 277 3215 391 3282; x_wconf 86' lang='lat' dir='ltr'>aetatis</span> <span class='ocrx_word' id='word_1_158' title='bbox 414 3222 469 3281; x_wconf 90' lang='lat' dir='ltr'>aut</span> <span class='ocrx_word' id='word_1_159' title='bbox 491 3214 603 3281; x_wconf 90' lang='lat' dir='ltr'>eodem</span> <span class='ocrx_word' id='word_1_160' title='bbox 625 3214 752 3280; x_wconf 87' lang='lat' dir='ltr'>nomine</span> <span class='ocrx_word' id='word_1_161' title='bbox 775 3220 830 3279; x_wconf 90' lang='lat' dir='ltr'>aut</span> <span class='ocrx_word' id='word_1_162' title='bbox 850 3213 935 3296; x_wconf 93' lang='lat' dir='ltr'>quod</span> <span class='ocrx_word' id='word_1_163' title='bbox 949 3215 1054 3298; x_wconf 83' lang='lat' dir='ltr'>magis</span> <span class='ocrx_word' id='word_1_164' title='bbox 1069 3216 1174 3299; x_wconf 75' lang='lat' dir='ltr'>placet</span> 
     </span>
     <span class='ocr_line' id='line_1_25' title="bbox 161 3338 1173 3425; baseline -0.001 -21"><span class='ocrx_word' id='word_1_165' title='bbox 161 3340 323 3425; x_wconf 82' lang='lat' dir='ltr'>Apophim</span> <span class='ocrx_word' id='word_1_166' title='bbox 346 3339 532 3423; x_wconf 80' lang='lat' dir='ltr'>cognomine</span> <span class='ocrx_word' id='word_1_167' title='bbox 555 3338 693 3422; x_wconf 89' lang='lat' dir='ltr'>quodam</span> <span class='ocrx_word' id='word_1_168' title='bbox 716 3338 851 3404; x_wconf 83' lang='lat' dir='ltr'>fortasse</span> <span class='ocrx_word' id='word_1_169' title='bbox 874 3338 907 3403; x_wconf 90' lang='lat' dir='ltr'>in</span> <span class='ocrx_word' id='word_1_170' title='bbox 929 3338 1048 3404; x_wconf 89' lang='lat' dir='ltr'>ultimis</span> <span class='ocrx_word' id='word_1_171' title='bbox 1072 3338 1173 3422; x_wconf 82' lang='lat' dir='ltr'>signis</span> 
     </span>
    </p>
   </div>
   <div class='ocr_carea' id='block_1_3' title="bbox 163 3474 280 3482">
    <p class='ocr_par' dir='ltr' id='par_1_6' title="bbox 163 3474 280 3482">
     <span class='ocr_line' id='line_1_26' title="bbox 163 3474 280 3482; baseline -0.009 0"><span class='ocrx_word' id='word_1_172' title='bbox 163 3474 280 3482; x_wconf 74' lang='lat'><em>-——--</em></span> 
     </span>
    </p>
   </div>
   <div class='ocr_carea' id='block_1_4' title="bbox 214 3530 1100 3810">
    <p class='ocr_par' dir='ltr' id='par_1_7' title="bbox 214 3530 1100 3810">
     <span class='ocr_line' id='line_1_27' title="bbox 215 3530 541 3601; baseline 0 -15"><span class='ocrx_word' id='word_1_173' title='bbox 215 3533 236 3598; x_wconf 57' lang='lat' dir='ltr'>h</span> <span class='ocrx_word' id='word_1_174' title='bbox 259 3530 541 3601; x_wconf 77' lang='lat' dir='ltr'>IV.p.39;et43a</span> 
     </span>
     <span class='ocr_line' id='line_1_28' title="bbox 214 3635 489 3706; baseline 0 -15"><span class='ocrx_word' id='word_1_175' title='bbox 214 3635 489 3706; x_wconf 50' lang='lat' dir='ltr'>hffimmffl.</span> 
     </span>
     <span class='ocr_line' id='line_1_29' title="bbox 214 3738 1100 3810; baseline -0.002 -14"><span class='ocrx_word' id='word_1_176' title='bbox 214 3742 237 3810; x_wconf 81' lang='lat'>⁸)</span> <span class='ocrx_word' id='word_1_177' title='bbox 261 3740 419 3798; x_wconf 84' lang='lat' dir='ltr'>Zeitsehrift</span> <span class='ocrx_word' id='word_1_178' title='bbox 436 3742 486 3798; x_wconf 88' lang='lat' dir='ltr'>der</span> <span class='ocrx_word' id='word_1_179' title='bbox 503 3739 656 3796; x_wconf 76' lang='lat' dir='ltr'>deutschen</span> <span class='ocrx_word' id='word_1_180' title='bbox 674 3738 807 3810; x_wconf 82' lang='lat' dir='ltr'>morgenl.</span> <span class='ocrx_word' id='word_1_181' title='bbox 826 3738 979 3805; x_wconf 79' lang='lat' dir='ltr'>Gesellsoh.</span> <span class='ocrx_word' id='word_1_182' title='bbox 997 3754 1024 3807; x_wconf 89' lang='lat' dir='ltr'>p.</span> <span class='ocrx_word' id='word_1_183' title='bbox 1036 3739 1100 3794; x_wconf 80' lang='lat'><strong>213.</strong></span> 
     </span>
    </p>
   </div>
   <div class='ocr_carea' id='block_1_5' title="bbox 214 3848 409 3918">
    <p class='ocr_par' dir='ltr' id='par_1_8' title="bbox 214 3848 409 3918">
     <span class='ocr_line' id='line_1_30' title="bbox 214 3848 409 3918; baseline -0.01 -12"><span class='ocrx_word' id='word_1_184' title='bbox 214 3848 409 3918; x_wconf 48' lang='lat' dir='ltr'>&amp;Npffl</span> 
     </span>
    </p>
   </div>
   <div class='ocr_carea' id='block_1_6' title="bbox 0 0 1350 4650">
    <p class='ocr_par' dir='ltr' id='par_1_9' title="bbox 0 0 1350 4650">
     <span class='ocr_line' id='line_1_31' title="bbox 0 0 1350 4650; baseline 0 3"><span class='ocrx_word' id='word_1_185' title='bbox 0 0 1350 4650; x_wconf 95' lang='lat' dir='ltr'> </span> 
     </span>
    </p>
   </div>
  </div>
 </body>
</html>
