2692 4650
760 303 781 364 4

687 387 845 401 μ...-

262 498 396 545 examen
428 498 543 545 vocare
580 497 718 561 suasque
756 479 803 545 eis
842 498 1002 564 opponere
1036 486 1068 547 et
1101 480 1274 549 defendere

260 602 453 671 sustinuerit.

327 727 440 810 Itaque
463 747 534 792 cum
556 726 672 812 triplex
695 726 737 793 sit
760 725 840 811 fons,
863 725 948 792 unde
970 727 1135 795 historiam
1153 729 1274 815 Hycso·

262 872 368 919 sorum
396 850 517 918 hauriri
543 852 665 936 volunt,
702 857 736 916 ut
764 850 874 917 ordine
902 851 1040 934 quodam
1071 872 1152 936 quae
1181 854 1273 921 nobis

262 975 399 1043 dicenda
413 983 487 1043 sunt
502 976 714 1060 absolvantur,
733 975 766 1039 in
781 975 880 1042 tribus
896 976 1053 1061 capitibus
1069 997 1271 1062 exponemus,

261 1101 397 1186 primum
430 1100 579 1167 docentes
614 1118 696 1181 quae
725 1121 746 1165 a
772 1097 963 1166 Manethone
995 1099 1173 1185 tradantur,
1206 1107 1271 1165 tum

262 1244 345 1308 quae
366 1223 454 1309 apud
477 1224 557 1290 alios
572 1229 696 1290 veteres
718 1209 885 1289 historiens
906 1223 1113 1309 inveniantur,
1136 1223 1273 1306 denique

262 1368 344 1432 quac
367 1369 406 1415 cx
430 1347 641 1415 monumentis
656 1346 862 1432 Aegyptiacis
885 1367 987 1430 usqne
1009 1348 1052 1415 ad
1073 1348 1134 1414 hoo
1147 1355 1273 1433 tempus

262 1472 430 1557 explicatis
463 1477 530 1536 tum
563 1470 699 1556 publicis
726 1476 792 1536 tum
820 1471 953 1556 privatis
983 1472 1026 1537 ad
1054 1478 1274 1555 argumentum

261 1602 404 1662 nostrum
426 1594 604 1681 spectantia
625 1594 838 1680 Aegyptologi
860 1594 1045 1662 invenerint.

678 2034 816 2103 CAPUT
838 2037 863 2102 Ι.

732 2196 753 2274 ὅ
775 2198 805 2262 2.

322 2339 446 2405 Primus
458 2337 530 2404 fons
541 2335 676 2403 habetur
687 2336 909 2404 celeberrimus
920 2337 1009 2404 locus
1021 2358 1061 2404 ex
1071 2337 1273 2404 Manetho-

261 2463 326 2530 nis
349 2462 513 2548 scriptis
537 2467 727 2546 sumptus,
751 2462 1077 2548 quchosephus
1093 2461 1271 2530 Judaeus

263 2587 302 2651 in
329 2586 432 2653 libro
456 2606 524 2653 suo
547 2591 686 2652 contra
707 2581 934 2671 Apionem¹)
958 2587 1143 2655 servavit
1189 2585 1273 2663 Quin

262 2710 422 2796 Josephus
437 2709 526 2775 illum
541 2715 687 2776 accurate
703 2710 896 2795 excerpserit
910 2716 943 2777 et
957 2711 1168 2796 exscripserit
1191 2730 1272 2775 com-

262 2835 383 2919 paratis
405 2833 483 2899 locis
506 2853 585 2916 qnos
609 2854 649 2900 cx
671 2833 744 2899 aliis
767 2832 971 2918 scriptoribus
994 2834 1185 2918 desumpsit,
1208 2852 1272 2897 uon

263 2964 312 3023 est
327 2977 382 3023 cur
394 2956 583 3023 dubitemus.
607 2957 722 3024 Contra
733 2956 889 3043 Apioncm
901 2957 1094 3024 Judaeorum
1109 2954 1271 3021 inimicum

261 3081 372 3166 populi
400 3080 451 3147 sui
478 3080 632 3165 originem
659 3088 799 3149 veterem
826 3081 1013 3149 defensurus
1042 3079 1201 3166 Josephus
1231 3098 1272 3147 ex

261 3204 461 3271 Manethonis
481 3205 655 3272 sacerdotis
670 3205 871 3291 Sebennytes
885 3205 1089 3274 historiarum
1102 3205 1270 3292 Aegyptia-

263 3349 370 3396 carum
385 3328 464 3395 libro
480 3323 650 3413 secundo²)
665 3328 831 3396 historiam
841 3331 1057 3417 Hycsosorum
1071 3329 1152 3415 ipsis
1168 3333 1272 3395 aucto·

263 3453 307 3519 ris
329 3453 434 3520 verbis
456 3459 548 3519 utens
570 3459 687 3519 narrat.

317 3626 338 3693 ¹)
360 3624 380 3680 J
385 3623 535 3694 osephns
554 3629 650 3682 contra
664 3625 803 3696 Apionem
820 3624 900 3681 1.14.

315 3730 337 3799 2)
361 3730 573 3803 Αἰγυπτιακὰ.
602 3731 776 3787 Eusebius
794 3730 944 3787 chronicon
962 3725 1127 3786 Armenima
1144 3723 1271 3781 versione

262 3834 306 3891 cd.
324 3835 446 3892 Aucher.
464 3838 486 3892 1.
504 3853 533 3905 p.
550 3837 616 3892 200:
650 3835 825 3907 Aegyptiace
846 3838 1031 3893 monumenta.
1068 3829 1270 3886 Boeokhius
