2692 4650
655 311 814 412 „sc-

224 511 329 576 neque
355 491 390 558 in
418 510 456 558 eo
479 489 564 575 quod
593 489 634 557 de
656 489 766 576 lingua
786 510 880 558 saera
903 497 936 558 et
956 489 1080 576 vulgari
1100 489 1245 575 loquitur

224 637 328 700 neque
350 614 436 700 quod
457 614 498 683 dc
521 615 752 700 significatione
771 616 859 684 rocio
875 615 1000 692 Ὕκσως
1022 616 1128 701 affert,
1149 616 1245 700 igna-

224 763 293 808 rum
319 740 447 825 linguae
469 740 686 827 Aegyptiacae
709 762 745 808 se
767 743 929 835 praetere.
975 740 1064 818 Quae
1087 740 1196 807 omnia
1220 762 1245 808 a

224 866 316 932 nobis
338 866 502 951 proposita
524 865 553 933 si
574 872 674 951 tenes,
696 866 783 933 haud
804 886 964 950 quaquam
979 866 1026 934 eis
1042 864 1245 951 assentieris,

225 990 280 1074 qui
293 990 390 1058 fidem
404 990 685 1075 auctoritatemque
700 990 775 1058 huic
785 991 958 1059 narrationi
972 991 1105 1077 ejusque
1116 990 1245 1057 auctori

224 1115 392 1200 denegent.
465 1182 468 1187 .

290 1238 381 1318 Quae
403 1240 541 1324 denique
554 1240 793 1308 Knoetelius
816 1247 925 1308 contra
939 1240 1022 1308 hanc
1034 1238 1244 1308 Manethonis

223 1367 436 1432 narrationem
447 1365 585 1450 protulit,
600 1365 801 1449 maximeque
814 1364 934 1452 exejus
947 1364 1042 1433 modo
1053 1365 1207 1431 narrandi
1217 1360 1244 1451 ¹)

223 1490 388 1575 desumsit,
405 1510 509 1573 neque
524 1489 800 1559 animadversione
814 1509 918 1574 neque
932 1489 1123 1558 refutatione
1138 1490 1245 1574 digna

223 1614 378 1682 videntur.

687 1827 776 1907 §la

289 1988 419 2054 Praeter
440 1985 523 2053 hanc
544 1986 758 2054 narrationem
781 1985 822 2053 de
844 1984 1039 2072 pastoribus,
1067 2005 1162 2070 quam
1185 1987 1243 2056 Jo-

223 2111 342 2202 sephus
364 2113 456 2178 nobis
479 2132 520 2178 ex
540 2111 740 2180 Manethonis
763 2133 859 2198 opere
882 2111 1028 2197 servavit,
1050 2132 1161 2197 regum
1184 2134 1243 2181 no-

222 2238 323 2321 mina,
358 2256 473 2320 annos,
508 2256 680 2320 eorumque
711 2237 826 2303 seriem
854 2237 989 2303 Julius
1016 2236 1242 2306 Africanus

223 2362 401 2448 episcopus,
425 2360 458 2425 in
474 2360 662 2448 compendio
679 2381 736 2427 suo
752 2362 1013 2447 Χρονογραφιῶν
1028 2365 1122 2426 πέντε
1138 2376 1241 2428 σπου-

220 2485 374 2572 δάσματα
402 2484 543 2551 tradidit.
588 2485 701 2552 Utrum
729 2484 782 2552 hic
808 2485 909 2571 ipsius
931 2485 1131 2552 Manethonis
1155 2505 1240 2571 opus

222 2609 428 2696 excerpserit,
456 2630 498 2676 an
528 2629 569 2676 ex
597 2609 660 2676 alio
688 2610 768 2678 libro
796 2609 868 2677 illas
891 2611 991 2677 series
1014 2610 1239 2698 desumpserit,

220 2735 303 2801 hanc
331 2733 551 2800 difficillimam
583 2734 802 2819 quaestionem
830 2735 1011 2803 discernere
1043 2735 1142 2801 multo
1169 2735 1239 2802 lon-

220 2860 292 2944 gius
328 2882 349 2925 a
376 2859 507 2926 oonsilio
536 2860 633 2926 trahit
665 2880 769 2944 neque
802 2860 934 2927 multum
968 2859 1114 2946 prodest;
1148 2860 1239 2929 idem

220 2984 306 3052 valet
333 2983 374 3050 de
403 2984 602 3069 quaestione,
630 2990 736 3051 utrum
757 2984 906 3052 Manetho
935 2985 1005 3072 ipse
1033 3006 1076 3052 an
1098 2984 1180 3053 alius
1205 2993 1239 3054 et

220 3107 356 3175 fortasse
382 3108 552 3176 Africanus
581 3129 674 3194 reges
695 3110 872 3196 Aegyptios
900 3110 933 3175 in
961 3109 1129 3195 dynastiae
1157 3109 1238 3178 divi-

220 3233 297 3301 serit
323 3253 538 3318 annorumque
562 3254 702 3300 summas
725 3234 759 3299 in
780 3234 844 3301 flue
866 3233 1114 3319 uniuscujusque
1136 3234 1232 3321 dyna»

220 3359 302 3425 stiae
325 3364 522 3444 computatas
539 3356 701 3443 adjecerit.
733 3359 784 3424 Er
800 3359 896 3427 totius
912 3358 1018 3445 operis
1032 3331 1236 3426 Manethonls

273 3549 294 3616 ¹)
318 3546 390 3619 ,uui
407 3550 504 3618 procul
521 3550 606 3607 dubio
624 3551 696 3643 talis¹
707 3556 758 3621 est,
776 3555 809 3606 ut
826 3554 947 3606 nostram
965 3549 1001 3605 de
1017 3549 1115 3606 fraude
1126 3551 1162 3606 Μ.
1173 3566 1236 3606 sen·

218 3654 334 3709 tentiam
358 3655 457 3711 mirum
479 3657 509 3711 in
532 3658 645 3714 modum
668 3656 825 3727 confirmet,
853 3657 1081 3727 mendaciumque
1105 3657 1238 3714 simulata

222 3760 377 3831 ignorantia
394 3763 547 3832 suspicioso
566 3765 634 3821 satis
651 3763 808 3821 luculenter
825 3763 924 3821 innuat
941 3764 970 3833 (l.
980 3781 1005 3820 c.
1023 3763 1058 3819 de
1075 3763 1237 3832 pastoribus

105 3906 109 3912 -
219 3867 267 3936 qui
285 3868 393 3940 Hycsos
410 3875 546 3927 vocantur
562 3887 591 3941 p.
600 3872 655 3940 17).
