2692 4650
261 713 508 781 Manethonis
536 713 791 798 Sebennytae
819 711 1080 799 Aegyptiaea.

552 885 568 924 e
576 869 648 926 libro
658 867 790 925 seeundo.

522 1009 656 1077 (versio
678 1007 828 1075 Latina.)

232 1173 307 1239 Fuit
335 1171 427 1239 nubis
453 1193 524 1256 rex,
553 1173 606 1239 eui
626 1193 742 1240 nomen
765 1172 911 1256 Timuus3
941 1191 1003 1255 quo
1025 1181 1179 1257 regnante

164 1297 273 1365 neseio
296 1316 360 1380 qua
382 1316 481 1363 eausa
502 1297 591 1363 Deus
617 1297 710 1363 nobis
732 1296 886 1363 adversus
910 1301 993 1379 erut,
1022 1303 1054 1363 et
1076 1297 1179 1383 inopi-

165 1428 240 1488 num
264 1441 304 1485 ex
326 1420 469 1505 partibus
493 1420 536 1487 ad
558 1421 712 1487 orientem
727 1420 930 1504 vergentibus
950 1420 1104 1505 homines,
1126 1441 1179 1504 ge-

165 1565 242 1611 nere
264 1543 393 1626 quidem
414 1544 559 1628 ignobili,
582 1565 692 1611 verum
714 1544 850 1611 audacia
872 1545 959 1630 pleni
982 1544 1015 1609 in
1036 1552 1179 1612 nostrum

165 1676 282 1737 terrum
311 1667 464 1753 impetum
492 1667 648 1752 fecerunt,
677 1688 778 1751 eaque
806 1668 901 1735 faeile
923 1668 993 1735 sine
1016 1689 1125 1754 pugna
1146 1671 1179 1737 vi

166 1792 260 1879 potiti
282 1798 370 1877 sunt3
393 1797 489 1874 atque
511 1791 681 1876 praefectis
705 1790 775 1877 ejus
797 1792 937 1858 subantis
960 1792 1001 1858 de
1024 1800 1128 1860 uetere
1147 1801 1180 1861 et

166 1918 260 1985 urbes
281 1915 450 1983 erudeliter
464 1915 672 1983 ineenderunt
694 1921 726 1983 et
740 1916 880 1982 Deorum
898 1916 974 1983 fana
990 1924 1178 2003 everterunt,

166 2062 276 2109 omnes
298 2048 405 2107 nutem
427 2039 596 2123 indigenas
619 2039 837 2107 inimieissime
852 2046 1074 2126 tractaverunt,
1097 2042 1178 2110 alios

166 2164 399 2246 interficientes,
421 2162 555 2229 aliorum
577 2168 609 2229 et
630 2162 746 2229 liberos
769 2169 802 2230 et
816 2169 931 2231 uxeres
947 2165 980 2229 in
995 2165 1179 2232 servitutem
1200 2139 1204 2145 ι

166 2295 307 2374 agentes.
351 2286 496 2354 Tandem
517 2307 592 2353 vero
621 2287 718 2353 etiam
745 2307 843 2354 unum
871 2310 912 2354 ex
941 2288 1008 2354 suis
1037 2288 1179 2356 feserunt

166 2433 288 2496 regem,
318 2412 369 2478 eui
396 2386 512 2477 nomen
540 2416 609 2477 erut
637 2410 797 2477 Salutis.
846 2411 888 2477 nt
915 2411 968 2478 hie
994 2412 1178 2497 Memphide

166 2535 345 2619 habitabat,
372 2534 567 2619 provinciam
595 2534 790 2618 superiorem
819 2540 852 2600 et
878 2534 1059 2602 inferiorem
1084 2537 1178 2603 veeti-

166 2660 271 2742 galem
301 2658 436 2741 faeiens,
465 2664 496 2724 et
523 2656 718 2741 praesidium
744 2657 778 2722 in
799 2658 878 2724 loeis
901 2660 1177 2744 opportunissimis

166 2782 356 2866 relinquens.
390 2781 529 2849 Maxime
545 2800 619 2848 vero
642 2782 739 2848 etium
761 2787 868 2867 partes
891 2783 925 2848 in
940 2783 1092 2861 orientem
1108 2805 1176 2871 spe·

167 3058 317 3112 numquam
333 3042 423 3111 primu
439 3057 558 3111 persone
574 3042 670 3097 utitur.
705 3043 756 3099 ille
774 3059 809 3099 ex
827 3052 927 3099 ΗΜΙΝ
945 3055 1098 3103 ΤΙΜΑιοΣ
1113 3063 1177 3104 eon·

161 3149 234 3220 jecit
258 3155 536 3215 AMYNTIMA1023
568 3146 615 3204 hie
644 3164 711 3205 veru
739 3152 820 3218 putat
850 3150 994 3220 scripsisse
1023 3152 1177 3223 Josephum

167 3261 410 3319 ΑΜΕΝΕΜΛΟΣ,
428 3245 621 3311 Manethonem
638 3270 705 3312 veru
723 3263 939 3311 ΑΜΕΝΕΜΗΣ.

220 3360 242 3427 ⁸)
264 3359 357 3430 Vulgo
380 3360 596 3430 ἀνεστράτευσαν.

221 3463 243 3530 ⁴)
268 3461 314 3518 Sie
330 3465 430 3534 Beck„
449 3464 534 3521 ceteri
552 3466 646 3522 αὐτῶν.

221 3570 243 3637 ⁵)
266 3567 355 3624 Silitis
371 3571 418 3625 vel
439 3570 532 3628 Silitss
550 3572 617 3629 Eus.
631 3570 724 3643 Arm3
746 3574 842 3635 Σάλης
858 3577 939 3630 vetus
957 3573 1071 3631 Eusebii
1094 3574 1176 3631 inter·

168 3689 243 3745 prss3
261 3681 359 3742 tuitus
376 3673 532 3733 Africanus.

222 3781 244 3847 ⁶)
267 3781 354 3837 Deest
370 3781 440 3837 vitio
457 3784 656 3853 typographico
674 3785 749 3856 apud
761 3786 876 3840 Fruin.
