2692 4650
587 309 628 394 rs

99 485 242 573 ἱστορίαν
270 486 305 551 ea
334 486 398 552 τῶν
423 483 517 571 {spoia
538 485 583 562 άς
611 490 710 572 φησὶν
733 482 831 564 αδτδς
859 485 1069 573 μεταφράσας
1079 481 1112 567 ¹),

97 619 130 681 et
155 605 320 699 pestea²):
356 606 414 693 οιὶν
436 607 662 698 Αἰγυπτιακὴν
690 608 834 697 ἳσεορίαν
861 609 896 676 δα
923 612 989 677 τῶν
1016 609 1113 696 tepea

29 765 33 773 ·
97 736 296 822 γραμμάτων
317 737 571 823 μεθερμηνεάειν
593 734 811 823 ὑπεσχημένος
833 742 865 804 et
893 735 1012 804 ibidem
1035 733 1112 821 ἦκα·

99 859 244 947 λοιίθρσε
265 871 336 937 ταῖς
351 858 568 949 δναγραφαῒς.
597 861 738 947 Josepho
755 862 852 946 igitur
866 867 947 929 teste
961 860 1111 928 Manethe

97 1007 175 1054 usus
202 1007 267 1053 non
291 992 340 1053 est
361 986 582 1053 traditionibus
604 1007 658 1053 ore
680 988 790 1073 populi
812 986 1022 1073 pervulgatis,
1052 986 1111 1054 sed

96 1108 305 1197 ἀναγραφαῖς
333 1111 364 1177 h.
383 1132 410 1178 e.
433 1112 550 1196 partim
573 1081 807 1180 commentariis
829 1111 969 1179 maxime
992 1133 1012 1177 a
1034 1132 1110 1197 pon·

97 1236 232 1304 tificibus
254 1235 424 1322 Aegyptiis
451 1237 578 1323 seriptis
601 1245 634 1305 et
661 1238 695 1303 iu
720 1236 848 1323 templis
871 1236 1066 1304 conservatis
1076 1230 1111 1322 ³),

96 1382 230 1445 quorum
252 1361 448 1448 exemplaria
468 1363 620 1429 nonnulla
641 1363 747 1430 adhuc
768 1368 898 1447 restant,
921 1361 1003 1428 sicut
1025 1359 1110 1428 άνα-

96 1482 206 1573 γραφὴ
222 1481 468 1572 Taurinensis⁴),
491 1508 633 1574 papyrus
656 1489 711 1572 qui
728 1495 859 1557 vocatur
873 1481 1109 1572 Sallieranus⁵)‚

97 1632 138 1678 ex
153 1612 267 1695 quibus
278 1611 427 1678 Manetho
442 1610 511 1698 (τῆς
519 1605 703 1700 Ἑλληνικῆς
720 1607 920 1697 μειεσχριιδς
937 1612 1110 1694 παιδείας),

95 1756 168 1803 cum
189 1736 387 1822 Aegyptiace
409 1736 597 1820 consignata
619 1744 727 1804 essent
748 1732 834 1818 (ἱεροὶ
856 1737 1052 1821 γράμματα),
1077 1737 1111 1803 iu

95 1881 189 1928 usum
211 1861 334 1928 Graece
362 1861 557 1945 loquentium
584 1862 749 1929 historiam
778 1881 870 1930 suam
893 1860 1016 1929 Graece
1038 1882 1110 1928 con·

96 1981 212 2071 fecit⁶),
234 1986 351 2073 partim
373 1986 509 2072 publicis
532 1987 752 2071 monumentis,
779 2006 861 2069 quae
883 1985 1035 2072 Aegyptii
1057 2007 1110 2052 no-

94 2112 244 2196 minibus,
262 2111 372 2194 titulis,
387 2112 482 2177 rebus
496 2111 606 2194 gestis,
623 2110 773 2194 numeris,
791 2110 923 2194 picturis
939 2110 1110 2177 inscribere

99 2298 308 2308 ...κάμω-.-

151 2408 172 2477 1)
195 2425 220 2463 ο.
232 2407 370 2478 Apionem
387 2408 410 2464 Ι.
426 2408 470 2464 14.

149 2515 172 2582 ί)
195 2513 359 2570 minute.
433 2509 436 2513 ’

150 2620 172 2688 ³)
195 2619 370 2677 Diodorus
387 2619 442 2678 sie.
455 2621 478 2676 Ι.
490 2620 539 2675 442
560 2623 586 2676 οί
601 2621 653 2694 μὲν
670 2623 752 2696 ίερεῒς
769 2623 841 2694 εζνον
859 2620 1064 2698 ἀναγραφάς
1080 2625 1110 2679 ir

95 2731 153 2787 ταῖς
173 2729 260 2803 ἱεραῖς
279 2732 379 2798 βίβλοις
397 2731 425 2782 ἐκ
442 2700 564 2783 παλαιάν
576 2729 686 2800 χρόνον
704 2729 747 2784 ἀεὶ
764 2733 818 2789 τοῖς
835 2728 973 2800 διαδόχοις
988 2732 1108 2801 παραδε-

95 2835 222 2905 δομένας,
251 2833 373 2903 indicator
394 2835 500 2897 ἕκαστος
522 2837 573 2891 τάν
589 2835 799 2905 βασιλευσάντων
816 2837 916 2907 ἐγένετο
938 2837 974 2908 τῷ
989 2839 1107 2910 μεγέθει,

94 2940 142 2994 arai
163 2940 252 3000 ὁποῖός
273 2960 311 3001 τις
332 2943 361 3014 ry}
383 2941 461 3013 φάσει
483 2941 529 2995 καί
551 2942 583 2996 τὰ
604 2939 671 2996 κατὰ
694 2939 751 3002 τοὺς
775 2943 858 3001 ίδίοος
875 2942 990 3016 χρόνοις
1010 2945 1108 3017 ἱκάοιρι

96 3048 254 3117 πραχθέντα.
283 3044 357 3102 conf.
369 3046 473 3102 Herod.
485 3045 522 3102 Π.
534 3047 596 3102 100.

149 3151 172 3219 ⁴)
200 3151 288 3218 Quam
310 3151 499 3225 Aegyptolcgi
523 3154 695 3223 temporibus
717 3153 863 3226 dynastiae
886 3151 954 3209 XIX
976 3154 1107 3224 scriptam

95 3263 237 3338 censent..

150 3367 173 3432 Β)
194 3366 238 3422 De
255 3365 309 3423 hoc
325 3381 432 3438 papyro
450 3365 516 3424 vide
533 3365 614 3425 infra.

151 3471 175 3539 ὅ)
197 3471 290 3528 Verba
311 3476 524 3549 μιθερμιμιεάειν
541 3478 570 3528 et
590 3475 771 3546 μεταφράζειν
788 3488 859 3544 quae
880 3473 1046 3530 Fruiniua
1069 3475 1108 3531 ita

97 3577 239 3648 intelligit,
258 3581 290 3632 ut
305 3579 498 3637 Manethonem
514 3595 623 3635 omnem
640 3580 783 3636 materiam
799 3596 835 3635 ex
852 3597 907 3650 qua
921 3582 1107 3637 construxerit

97 3684 202 3752 patriae
223 3683 368 3741 historiam
391 3687 477 3743 sacris
495 3687 572 3745 libris
589 3686 691 3744 debere
707 3687 783 3743 dicat
801 3689 844 3757 (p.
858 3687 1004 3759 XXXVI),
1026 3688 1107 3744 uobis

95 3790 189 3860 paullo
206 3791 296 3863 magis
315 3792 442 3864 urgenda
456 3793 602 3867 videntum
624 3794 812 3851 transtulit
835 3793 924 3850 enim
949 3794 1107 3852 Manetho

96 3913 137 3953 ex
153 3899 280 3970 lingua
297 3898 515 3972 Aegyptiace
532 3901 565 3956 in
584 3902 761 3959 Graecam.

893 4009 929 4060 2.
