2692 4650
634 313 678 378 48

153 487 214 555 etsi
243 487 386 572 quidem,
419 486 505 572 quod
528 488 598 575 jam
629 490 682 556 hie
711 497 821 559 notare
849 492 993 560 volumus
1020 491 1165 558 Africani

152 613 303 700 dynastia
325 613 462 699 septima
484 612 609 689 decima
631 624 778 704 eonuptn
800 617 954 685 videatur.
1005 579 1015 593 ἦ
1166 582 1171 588 ”

762 766 796 800 NJ

613 921 634 998 ἕ
652 919 703 988 19.

218 1112 343 1180 Deinde
366 1135 484 1198 magna
505 1112 587 1180 inter
600 1114 659 1181 hos
675 1114 1030 1198 quinque'reoensiones
1045 1113 1165 1182 disere

150 1238 261 1323 pantia'
282 1239 394 1322 negari
415 1259 479 1305 non
500 1245 615 1324 potest.
649 1223 808 1336 Differunt
830 1240 931 1321 enim:

220 1365 250 1430 1.
271 1384 454 1430 numerus
469 1384 616 1447 regum:
639 1364 799 1450 Josephus
815 1371 847 1431 et
860 1363 1029 1430 Airioanus
1044 1363 1166 1430 habent
1199 1399 1201 1404 .

151 1509 233 1571 sex,
262 1488 420 1555 Eusebius
448 1494 480 1554 et
502 1488 681 1555 Scholiasta
704 1496 893 1574 ›quatuor3
923 1488 1089 1574 Synoelius
1103 1485 1165 1574 ·(et

149 1586 522 1698 Panodorus)'septem
543 1634 646 1698 reges.

218 1740 248 1804 2.
271 1737 429 1804 nomina
450 1759 591 1822 regum.
621 1739 750 1805 Nullum
770 1738 1014 1854 nomenkeodem
1030 1757 1162 1823 prorsus

149 1863 245 1929 modo
267 1863 419 1949 seriptum
442 1863 475 1929 iu
497 1864 643 1931 omnibus
661 1864 898 1931 recensionibus
913 1862 1079 1929 invenitur.
1110 1861 1163 1946 Ex

150 1994 283 2072 quatuor
304 1988 432 2073 regibus
453 1989 586 2060 Eusebii
611 1995 644 2056 et
666 1988 863 2056 Scholiastae
884 1994 949 2054 tres
971 1987 1005 2052 in
1027 1993 1163 2070 musque

148 2114 332 2184 recensione
353 2114 467 2180 eadem
486 2114 616 2181 nomina
636 2121 764 2200 gerunt:
787 2114 908 2197 Saites,
930 2114 1034 2196 Bnon,
1056 2111 1163 2197 Apho-

148 2238 236 2324 phis3
260 2238 457 2305 Scholiastae
472 2238 628 2305 Arahares
650 2241 692 2306 ab
712 2239 851 2306 Eusebio
873 2243 1004 2305 voaamr
1017 2236 1161 2303 Arohles.

148 2363 199 2428 Ex
219 2363 399 2430 nominibus
414 2363 555 2449 Josephi,
577 2362 729 2448 Afiieani
751 2362 891 2450 Syneelli
911 2363 1040 2448 paulum
1064 2361 1161 2428 modo

149 2489 278 2565 mutatis
292 2466 449 2555 nondinari
462 2494 612 2574 possunt:
635 2487 762 2573 Salutis,
784 2509 842 2574 pro
864 2508 925 2571 quo
942 2486 1038 2553 aeteri
1053 2485 1161 2552 Saites

149 2609 344 2698 (Africanus)
360 2619 392 2681 et
407 2613 514 2679 Silites
530 2608 737 2698 (Synoellus)3
760 2613 859 2697 Bnon‚
883 2613 977 2695 quem
992 2611 1161 2695 Synoellus

148 2741 388 2816 voeat·Batov‚·
414 2757 472 2825 pro
495 2738 686 2824 Josephiet
708 2738 847 2824 Syneessi
869 2735 1041 2821 Apaohnas
1062 2734 1162 2802 habet

147 2862 316 2930 Africanus
327 2857 479 2944 Παχνὰν,
503 2869 535 2930 et
549 2882 607 2948 pro
625 2861 788 2945 utriusque
802 2861 968 2948 Aphophis
985 2861 1039 2926 hie
1053 2860 1161 2947 Apho

147 2987 207 3054 bis.
240 2987 383 3055 Africani
404 2986 515 3053 Στάαν
536 2977 640 3071 neque
662 2988 750 3075 apud
763 2986 939 3073 Josephum
961 3004 1064 3069 neque
1080 2985 1160 3071 Syn-

52 3116 58 3124 “
148 3113 261 3180 eellum
276 3113 420 3198 legimus,
443 3113 496 3180 ille
511 3112 608 3179 habet
617 3110 743 3188 Ἰάννας
758 3113 809 3179 vel
819 3108 945 3188 Ἱανίας,
966 3110 1019 3176 hie
1033 3113 1159 3187 Σέθως.

146 3238 280 3324 Josephi
307 3238 376 3322 regi
404 3243 504 3328 sexto
518 3233 628 3314 ’Λσσις
659 3237 832 3324 respondet
859 3236 947 3333 apud
973 3235 1154 3302 Africanum
1208 3322 1212 3339 ῃ

141 3358 294 3450 Ἄρχλης,
316 3382 374 3428 rex
396 3325 532 3446 quintius,
547 3368 588 3428 wet
610 3362 750 3449 Syneelli
773 3362 926 3448 septimus
946 3355 1062 3445 Ἄσήθ.
1095 3360 1158 3427 Do·

146 3488 242 3570 nique
265 3487 404 3574 Syneelli
427 3493 536 3553 sextus
556 3483 684 3573 Κήρτως
704 3507 862 3571 nusquam
885 3491 1057 3583 praeterea·
1072 3485 1158 3553 inve·

145 3611 238 3677 nitur.
272 3612 322 3677 Ex
343 3611 523 3679 nominibus
546 3586 680 3696 duatuor
702 3612 833 3679 Eusebii
855 3611 916 3678 tria
937 3612 1031 3711 inodo
1054 3633 1157 3696 eaque

144 3735 256 3803 leviter
278 3743 399 3802 tantum
422 3743 557 3821 mutata,
581 3757 690 3804 verum
711 3737 803 3803 aliter
825 3718 979 3822 ordinata,
1002 3737 1037 3813 in
1058 3737 1158 3804 onni-

144 3861 204 3928 hus
226 3862 463 3930 reoensionihus
486 3863 654 3930 habemus:
682 3862 799 3954 Saites,
822 3863 926 3945 Bnon,
949 3861 1126 3958 Aphophis.
