2692 4650
585 290 746 389 jo-

163 468 273 534 Restat
301 474 336 533 ut
363 467 475 552 paucis
504 467 547 534 ad
577 467 657 534 alios
686 467 715 534 si
742 467 798 550 qui
824 473 952 537 exstent
980 466 1081 533 fontes
1104 486 1176 551 pro

162 591 353 676 gradiamur.

568 804 706 872 CAPUT
728 804 770 870 Π.

628 947 648 1025 ξ
665 948 717 1013 24.

229 1087 324 1172 Apud
339 1087 579 1156 Herodotum
593 1088 722 1156 traditio
739 1086 897 1170 quaedam
911 1063 1078 1170 invenitur,
1094 1107 1176 1171 qnae

162 1212 205 1278 ad
219 1213 435 1298 Hyesosorum
458 1235 590 1298 regnum
614 1214 647 1278 in
661 1213 807 1298 Aegypto
831 1211 973 1278 refertur.
1003 1211 1175 1295 Postquam

162 1337 215 1402 illc
245 1337 285 1402 dc
309 1337 438 1422 Chcope
467 1346 499 1404 et
521 1338 708 1423 Ohephrene
736 1336 880 1420 regibus,
911 1336 965 1419 qui
991 1335 1170 1421 pyramidas

163 1461 320 1526 maximas
344 1462 377 1526 in
392 1462 539 1547 Aegypto
563 1462 774 1528 aedificabant
796 1466 829 1526 et
847 1450 987 1526 omnium
1002 1460 1174 1547 incolarum

163 1593 292 1671 propter
304 1585 509 1652 durissimum
524 1587 693 1672 imperium
708 1623 751 1679 ,-
766 1585 966 1669 imperabant
983 1605 1040 1670 per
1051 1592 1176 1652 centnm

164 1716 195 1776 et
223 1730 281 1775 sex
310 1732 410 1778 annos
433 1749 477 1757 —
500 1711 740 1778 acerbissimum
768 1709 877 1778 odium
904 1709 937 1773 in
960 1729 996 1776 se
1018 1716 1177 1777 converte

163 1841 242 1918 rant,
265 1835 436 1901 memoriae
458 1835 608 1920 prodidit,
631 1835 682 1901 his
704 1834 809 1905 verbis
833 1829 982 1918 pergit¹):
1007 1831 1120 1898 Ταῦτα
1142 1836 1176 1912 ἐξ

163 1983 197 2023 τε
225 1964 278 2023 καὶ
307 1956 423 2024 ἑκατὸν
446 1959 626 2040 λογίζονται
654 1956 728 2022 ἔτεα
756 1958 791 2023 ἒν
813 1968 895 2023 τοῖσι
916 1959 1123 2037 Αἰγυπτίοισί
1144 1980 1177 2020 τε

164 2086 372 2149 accuratam
394 2080 555 2170 κακότητα
577 2089 632 2149 καὶ
645 2079 685 2148 τοὶ
703 2079 758 2168 ἲροὶ
773 2083 891 2168 χρόνον
906 2078 1062 2153 τοσούτου
1078 2105 1176 2153 κατα-

164 2209 360 2292 κληϊσθέντα
376 2206 433 2273 οὐκ
449 2203 662 2294 ἀνοιχθῆναι·
678 2208 810 2282 τούτους
825 2203 889 2272 ὑπὸ
901 2209 1008 2289 μίσεος
1023 2203 1063 2274 οὐ
1073 2204 1176 2291 κάρτα

164 2331 491 2412 octavanorum
521 2328 698 2415 ὀνομάζειν,
728 2327 814 2395 ἀλλὰ
837 2326 971 2407 καὶτὰς
993 2331 1177 2419 πυραμίδας

164 2456 314 2522 καλέουσι
341 2461 494 2540 ποιμένος
517 2451 752 2536 Φιλίτιοςῗ),
780 2456 816 2531 ὃς
842 2455 956 2520 τοῦτον
978 2450 1036 2520 τὸν
1058 2452 1177 2541 χρόνον

165 2578 257 2664 ἔνεμε
279 2580 395 2666 κτήνεα
417 2576 501 2645 κατοὶ
523 2582 625 2645 ταῦτα
646 2575 687 2644 τοὶ
710 2585 822 2666 χωρία.

231 2705 312 2770 Prae
328 2704 440 2771 ceteris
464 2705 634 2789 quaeritur,
658 2704 729 2788 quis
745 2703 840 2770 fuerit
855 2708 964 2787 pastor
978 2701 1105 2797 Philitic
1122 2723 1179 2770 seu

165 2828 337 2893 Philition‘?

220 3092 240 3159 1)
263 3090 300 3145 Π.
315 3091 378 3145 128.
409 3091 463 3145 Per
480 3069 532 3146 hoc
555 3105 605 3147 sex
628 3093 657 3145 et
679 3094 796 3151 centum,
808 3103 895 3146 annor
914 3105 963 3145 cos
981 3088 1134 3160 (Ohcopom
1150 3092 1177 3146 et

165 3194 369 3265 Ohephrenem,
399 3196 459 3266 ejus
485 3195 613 3265 fratrem)
639 3197 714 3252 omni
739 3196 845 3251 malitia
866 3195 1023 3268 Aegyptios
1044 3200 1174 3253 tractasse

165 3303 279 3358 tradunt
302 3318 392 3372 neque
410 3303 514 3371 templa
531 3303 628 3359 eodem
649 3307 774 3372 tompore
792 3303 886 3359 clausa
903 3307 998 3372 aperta
1016 3317 1092 3375 (νοτες
1113 3301 1174 3359 into

166 3425 226 3464 rum
244 3424 340 3478 regum
363 3425 399 3464 ne
419 3425 519 3466 nomen
538 3409 649 3479 quidem
668 3409 732 3466 odio
751 3425 901 3465 memorare
920 3407 1055 3480 Aegyptii
1073 3409 1178 3477 volunt,

166 3516 215 3572 scd
232 3515 389 3587 pyramidas
407 3516 490 3571 etiam
508 3516 570 3572 illas
581 3520 684 3573 vocant
700 3516 819 3585 pastorio
831 3514 997 3586 Philitionio‚
1016 3516 1065 3585 qui
1082 3513 1179 3586 perid

165 3626 274 3691 tempus
292 3638 393 3691 pecora
411 3639 461 3677 sua
478 3623 507 3677 in
525 3623 580 3678 illie
599 3623 760 3693 regionibus
777 3622 864 3691 pavit.

218 3730 240 3797 ²)
265 3728 310 3784 Sic
328 3730 426 3799 legunt
442 3730 635 3799 Beckcrus,
654 3728 836 3798 Bachriue,
855 3732 1005 3798 praecunte
1017 3726 1078 3797 jam
1097 3728 1179 3785 Gro-

166 3833 281 3904 novio,
300 3836 346 3891 alii
362 3842 529 3902 ψιλιτιωνος,
549 3835 624 3905 qnod
642 3835 714 3891 inter
733 3835 900 3893 recentiores
915 3833 1021 3903 placuit
1033 3833 1180 3892 Steinio.
