<?xml version="1.0" encoding="UTF-8"?>
<!DOCTYPE html PUBLIC "-//W3C//DTD XHTML 1.0 Transitional//EN"
    "http://www.w3.org/TR/xhtml1/DTD/xhtml1-transitional.dtd">
<html xmlns="http://www.w3.org/1999/xhtml" xml:lang="en" lang="en">
 <head>
  <title>
</title>
<meta http-equiv="Content-Type" content="text/html;charset=utf-8" />
  <meta name='ocr-system' content='tesseract 3.04.00' />
  <meta name='ocr-capabilities' content='ocr_page ocr_carea ocr_par ocr_line ocrx_word'/>
</head>
<body>
  <div class='ocr_page' id='page_1' title='image "./defontibusexqui00schugoog_0061.png"; bbox 0 0 2692 4650; ppageno 0'>
   <div class='ocr_carea' id='block_1_1' title="bbox 594 321 756 420">
    <p class='ocr_par' dir='ltr' id='par_1_1' title="bbox 594 321 756 420">
     <span class='ocr_line' id='line_1_1' title="bbox 594 321 756 420; baseline 0 -36"><span class='ocrx_word' id='word_1_1' title='bbox 594 321 756 420; x_wconf 52' lang='lat'><strong>„⁶2-</strong></span> 
     </span>
    </p>
   </div>
   <div class='ocr_carea' id='block_1_2' title="bbox 162 496 1208 3310">
    <p class='ocr_par' dir='ltr' id='par_1_2' title="bbox 165 496 1179 1577">
     <span class='ocr_line' id='line_1_2' title="bbox 235 496 1178 583; baseline -0.002 -17"><span class='ocrx_word' id='word_1_2' title='bbox 235 496 301 566; x_wconf 83' lang='lat' dir='ltr'><strong>Sed</strong></span> <span class='ocrx_word' id='word_1_3' title='bbox 315 498 424 566; x_wconf 82' lang='lat' dir='ltr'><strong>variae</strong></span> <span class='ocrx_word' id='word_1_4' title='bbox 444 497 506 565; x_wconf 90' lang='lat' dir='ltr'><strong>hae</strong></span> <span class='ocrx_word' id='word_1_5' title='bbox 528 517 638 564; x_wconf 88' lang='lat' dir='ltr'><strong>omnes</strong></span> <span class='ocrx_word' id='word_1_6' title='bbox 662 496 890 583; x_wconf 80' lang='lat' dir='ltr'><strong>explicationes</strong></span> <span class='ocrx_word' id='word_1_7' title='bbox 903 497 1066 564; x_wconf 86' lang='lat' dir='ltr'><strong>nominum</strong></span> <span class='ocrx_word' id='word_1_8' title='bbox 1080 500 1178 580; x_wconf 80' lang='lat' dir='ltr'><strong>atque·</strong></span> 
     </span>
     <span class='ocr_line' id='line_1_3' title="bbox 167 621 1179 708; baseline -0.003 -19"><span class='ocrx_word' id='word_1_9' title='bbox 167 629 362 708; x_wconf 83' lang='lat' dir='ltr'><strong>argumenta,</strong></span> <span class='ocrx_word' id='word_1_10' title='bbox 386 643 426 689; x_wconf 86' lang='lat' dir='ltr'><strong>ex</strong></span> <span class='ocrx_word' id='word_1_11' title='bbox 449 621 512 688; x_wconf 87' lang='lat' dir='ltr'><strong>illis</strong></span> <span class='ocrx_word' id='word_1_12' title='bbox 536 628 644 689; x_wconf 90' lang='lat' dir='ltr'><strong>oontra</strong></span> <span class='ocrx_word' id='word_1_13' title='bbox 665 623 833 690; x_wconf 87' lang='lat' dir='ltr'><strong>veritatem</strong></span> <span class='ocrx_word' id='word_1_14' title='bbox 853 622 1042 689; x_wconf 80' lang='lat' dir='ltr'><strong>narrationis</strong></span> <span class='ocrx_word' id='word_1_15' title='bbox 1060 627 1179 706; x_wconf 74' lang='lat' dir='ltr'><strong>sumtu,</strong></span> 
     </span>
     <span class='ocr_line' id='line_1_4' title="bbox 166 746 1178 846; baseline -0.001 -33"><span class='ocrx_word' id='word_1_16' title='bbox 166 746 392 831; x_wconf 76' lang='lat' dir='ltr'><strong>refutabantur,</strong></span> <span class='ocrx_word' id='word_1_17' title='bbox 416 767 487 813; x_wconf 92' lang='lat' dir='ltr'><strong>oum</strong></span> <span class='ocrx_word' id='word_1_18' title='bbox 509 767 548 815; x_wconf 91' lang='lat' dir='ltr'><strong>eo</strong></span> <span class='ocrx_word' id='word_1_19' title='bbox 569 753 756 846; x_wconf 87' lang='lat' dir='ltr'><strong>perventum</strong></span> <span class='ocrx_word' id='word_1_20' title='bbox 779 747 847 831; x_wconf 90' lang='lat' dir='ltr'><strong>erit,</strong></span> <span class='ocrx_word' id='word_1_21' title='bbox 869 752 904 814; x_wconf 92' lang='lat' dir='ltr'><strong>ut</strong></span> <span class='ocrx_word' id='word_1_22' title='bbox 923 746 1123 815; x_wconf 86' lang='lat' dir='ltr'><strong>illanomina</strong></span> <span class='ocrx_word' id='word_1_23' title='bbox 1136 764 1178 812; x_wconf 85' lang='lat' dir='ltr'><strong>ex</strong></span> 
     </span>
     <span class='ocr_line' id='line_1_5' title="bbox 166 867 1179 958; baseline -0.001 -22"><span class='ocrx_word' id='word_1_24' title='bbox 166 871 276 956; x_wconf 82' lang='lat' dir='ltr'><strong>lingua</strong></span> <span class='ocrx_word' id='word_1_25' title='bbox 303 871 493 958; x_wconf 84' lang='lat' dir='ltr'><strong>aegyptiaoa</strong></span> <span class='ocrx_word' id='word_1_26' title='bbox 518 870 656 937; x_wconf 87' lang='lat' dir='ltr'><strong>derivari</strong></span> <span class='ocrx_word' id='word_1_27' title='bbox 677 877 710 938; x_wconf 93' lang='lat' dir='ltr'><strong>et</strong></span> <span class='ocrx_word' id='word_1_28' title='bbox 731 871 884 957; x_wconf 82' lang='lat' dir='ltr'><strong>explicari</strong></span> <span class='ocrx_word' id='word_1_29' title='bbox 905 871 1038 957; x_wconf 82' lang='lat' dir='ltr'><strong>possint.</strong></span> <span class='ocrx_word' id='word_1_30' title='bbox 1085 867 1179 948; x_wconf 80' lang='lat' dir='ltr'><strong>Quod</strong></span> 
     </span>
     <span class='ocr_line' id='line_1_6' title="bbox 167 993 1179 1089; baseline -0.001 -29"><span class='ocrx_word' id='word_1_31' title='bbox 167 993 210 1060; x_wconf 85' lang='lat' dir='ltr'><strong>ad</strong></span> <span class='ocrx_word' id='word_1_32' title='bbox 236 1016 351 1062; x_wconf 89' lang='lat' dir='ltr'><strong>nomen</strong></span> <span class='ocrx_word' id='word_1_33' title='bbox 374 995 492 1062; x_wconf 83' lang='lat' dir='ltr'><strong>Salatis</strong></span> <span class='ocrx_word' id='word_1_34' title='bbox 520 995 647 1079; x_wconf 80' lang='lat' dir='ltr'><strong>attinet,</strong></span> <span class='ocrx_word' id='word_1_35' title='bbox 676 995 914 1063; x_wconf 88' lang='lat' dir='ltr'><strong>Kuoetelius</strong></span> <span class='ocrx_word' id='word_1_36' title='bbox 944 994 1022 1062; x_wconf 89' lang='lat' dir='ltr'><strong>illud</strong></span> <span class='ocrx_word' id='word_1_37' title='bbox 1047 1014 1113 1089; x_wconf 79' lang='lat' dir='ltr'><strong>non</strong></span> <span class='ocrx_word' id='word_1_38' title='bbox 1134 999 1179 1060; x_wconf 80' lang='lat' dir='ltr'><strong>te</strong></span> 
     </span>
     <span class='ocr_line' id='line_1_7' title="bbox 166 1117 1177 1187; baseline 0 -3"><span class='ocrx_word' id='word_1_39' title='bbox 166 1140 253 1186; x_wconf 90' lang='lat' dir='ltr'><strong>mere</strong></span> <span class='ocrx_word' id='word_1_40' title='bbox 284 1126 392 1187; x_wconf 85' lang='lat' dir='ltr'><strong>censet</strong></span> <span class='ocrx_word' id='word_1_41' title='bbox 420 1117 589 1186; x_wconf 88' lang='lat' dir='ltr'><strong>oonflutum</strong></span> <span class='ocrx_word' id='word_1_42' title='bbox 620 1140 638 1185; x_wconf 94' lang='lat' dir='ltr'><strong>e</strong></span> <span class='ocrx_word' id='word_1_43' title='bbox 668 1118 825 1184; x_wconf 84' lang='lat' dir='ltr'><strong>Sar-aatu</strong></span> <span class='ocrx_word' id='word_1_44' title='bbox 853 1120 904 1186; x_wconf 89' lang='lat' dir='ltr'><strong>vel</strong></span> <span class='ocrx_word' id='word_1_45' title='bbox 929 1119 1082 1186; x_wconf 82' lang='lat' dir='ltr'><strong>Sal-autu</strong></span> <span class='ocrx_word' id='word_1_46' title='bbox 1113 1118 1133 1184; x_wconf 93' lang='lat' dir='ltr'><strong>i.</strong></span> <span class='ocrx_word' id='word_1_47' title='bbox 1149 1138 1177 1184; x_wconf 90' lang='lat' dir='ltr'><strong>e.</strong></span> 
     </span>
     <span class='ocr_line' id='line_1_8' title="bbox 165 1232 1177 1331; baseline 0 -24"><span class='ocrx_word' id='word_1_48' title='bbox 165 1242 314 1328; x_wconf 86' lang='lat' dir='ltr'><strong>prinoeps</strong></span> <span class='ocrx_word' id='word_1_49' title='bbox 343 1244 520 1328; x_wconf 87' lang='lat' dir='ltr'><strong>rebellium,</strong></span> <span class='ocrx_word' id='word_1_50' title='bbox 550 1263 621 1309; x_wconf 92' lang='lat' dir='ltr'><strong>oum</strong></span> <span class='ocrx_word' id='word_1_51' title='bbox 643 1232 690 1309; x_wconf 60' lang='lat' dir='ltr'><strong>&#39;ex</strong></span> <span class='ocrx_word' id='word_1_52' title='bbox 715 1241 900 1327; x_wconf 82' lang='lat' dir='ltr'><strong>fragmentis</strong></span> <span class='ocrx_word' id='word_1_53' title='bbox 923 1242 1123 1331; x_wconf 75' lang='lat' dir='ltr'><strong>aegyptiacis</strong></span> <span class='ocrx_word' id='word_1_54' title='bbox 1146 1247 1177 1308; x_wconf 91' lang='lat' dir='ltr'><strong>et</strong></span> 
     </span>
     <span class='ocr_line' id='line_1_9' title="bbox 166 1366 1172 1460; baseline 0 -29"><span class='ocrx_word' id='word_1_55' title='bbox 166 1366 377 1460; x_wconf 86' lang='lat' dir='ltr'><strong>monumentis</strong></span> <span class='ocrx_word' id='word_1_56' title='bbox 400 1367 535 1454; x_wconf 76' lang='lat' dir='ltr'><strong>publicis</strong></span> <span class='ocrx_word' id='word_1_57' title='bbox 556 1372 763 1434; x_wconf 88' lang='lat' dir='ltr'><strong>monstratum</strong></span> <span class='ocrx_word' id='word_1_58' title='bbox 779 1368 829 1451; x_wconf 85' lang='lat' dir='ltr'><strong>sit,</strong></span> <span class='ocrx_word' id='word_1_59' title='bbox 851 1374 996 1453; x_wconf 85' lang='lat' dir='ltr'><strong>pastores</strong></span> <span class='ocrx_word' id='word_1_60' title='bbox 1011 1373 1074 1452; x_wconf 85' lang='lat' dir='ltr'><strong>eat,</strong></span> <span class='ocrx_word' id='word_1_61' title='bbox 1097 1367 1172 1452; x_wconf 87' lang='lat' dir='ltr'><strong>plur.</strong></span> 
     </span>
     <span class='ocr_line' id='line_1_10' title="bbox 166 1486 573 1577; baseline -0.002 -20"><span class='ocrx_word' id='word_1_62' title='bbox 166 1493 241 1557; x_wconf 79' lang='lat' dir='ltr'><strong>autu</strong></span> <span class='ocrx_word' id='word_1_63' title='bbox 264 1492 440 1577; x_wconf 87' lang='lat' dir='ltr'><strong>appellatos</strong></span> <span class='ocrx_word' id='word_1_64' title='bbox 463 1486 573 1574; x_wconf 82' lang='lat' dir='ltr'><strong>esse²).</strong></span> 
     </span>
    </p>

    <p class='ocr_par' dir='ltr' id='par_1_3' title="bbox 162 1613 1208 3310">
     <span class='ocr_line' id='line_1_11' title="bbox 232 1613 1175 1701; baseline -0.002 -20"><span class='ocrx_word' id='word_1_65' title='bbox 232 1615 355 1681; x_wconf 86' lang='lat' dir='ltr'><strong>Nomen</strong></span> <span class='ocrx_word' id='word_1_66' title='bbox 377 1615 509 1698; x_wconf 87' lang='lat' dir='ltr'><strong>quarti</strong></span> <span class='ocrx_word' id='word_1_67' title='bbox 536 1614 621 1700; x_wconf 83' lang='lat' dir='ltr'><strong>regis</strong></span> <span class='ocrx_word' id='word_1_68' title='bbox 644 1613 810 1701; x_wconf 86' lang='lat' dir='ltr'><strong>Aphophis</strong></span> <span class='ocrx_word' id='word_1_69' title='bbox 835 1634 921 1680; x_wconf 90' lang='lat' dir='ltr'><strong>mere</strong></span> <span class='ocrx_word' id='word_1_70' title='bbox 943 1614 1175 1700; x_wconf 84' lang='lat' dir='ltr'><strong>Aegyptiaoum</strong></span> 
     </span>
     <span class='ocr_line' id='line_1_12' title="bbox 166 1723 1208 1833; baseline -0.001 -29"><span class='ocrx_word' id='word_1_71' title='bbox 166 1756 247 1823; x_wconf 85' lang='lat' dir='ltr'><strong>esse,</strong></span> <span class='ocrx_word' id='word_1_72' title='bbox 271 1738 352 1807; x_wconf 89' lang='lat' dir='ltr'><strong>inter</strong></span> <span class='ocrx_word' id='word_1_73' title='bbox 374 1760 484 1806; x_wconf 87' lang='lat' dir='ltr'><strong>omnes</strong></span> <span class='ocrx_word' id='word_1_74' title='bbox 507 1732 670 1822; x_wconf 79' lang='lat' dir='ltr'><strong>ooustat²).</strong></span> <span class='ocrx_word' id='word_1_75' title='bbox 713 1738 797 1803; x_wconf 88' lang='lat' dir='ltr'><strong>Num</strong></span> <span class='ocrx_word' id='word_1_76' title='bbox 820 1737 956 1825; x_wconf 85' lang='lat' dir='ltr'><strong>denique</strong></span> <span class='ocrx_word' id='word_1_77' title='bbox 978 1738 1176 1833; x_wconf 83' lang='lat' dir='ltr'><strong>probandum</strong></span> <span class='ocrx_word' id='word_1_78' title='bbox 1203 1723 1208 1729; x_wconf 63' lang='grc'><strong>’</strong></span> 
     </span>
     <span class='ocr_line' id='line_1_13' title="bbox 167 1861 1176 1949; baseline 0.003 -22"><span class='ocrx_word' id='word_1_79' title='bbox 167 1861 222 1946; x_wconf 86' lang='lat' dir='ltr'><strong>sit,</strong></span> <span class='ocrx_word' id='word_1_80' title='bbox 250 1883 366 1930; x_wconf 88' lang='lat' dir='ltr'><strong>nomen</strong></span> <span class='ocrx_word' id='word_1_81' title='bbox 393 1863 478 1930; x_wconf 87' lang='lat' dir='ltr'><strong>tertii</strong></span> <span class='ocrx_word' id='word_1_82' title='bbox 499 1863 670 1949; x_wconf 89' lang='lat' dir='ltr'><strong>Apaohnas</strong></span> <span class='ocrx_word' id='word_1_83' title='bbox 698 1861 829 1946; x_wconf 81' lang='lat' dir='ltr'><strong>originis</strong></span> <span class='ocrx_word' id='word_1_84' title='bbox 858 1862 1068 1948; x_wconf 82' lang='lat' dir='ltr'><strong>aegyptiaoae</strong></span> <span class='ocrx_word' id='word_1_85' title='bbox 1095 1882 1176 1947; x_wconf 85' lang='lat' dir='ltr'><strong>esse,</strong></span> 
     </span>
     <span class='ocr_line' id='line_1_14' title="bbox 167 1985 1176 2073; baseline 0.001 -23"><span class='ocrx_word' id='word_1_86' title='bbox 167 1985 200 2050; x_wconf 94' lang='lat' dir='ltr'><strong>in</strong></span> <span class='ocrx_word' id='word_1_87' title='bbox 222 1986 328 2053; x_wconf 85' lang='lat' dir='ltr'><strong>medio</strong></span> <span class='ocrx_word' id='word_1_88' title='bbox 350 1987 579 2071; x_wconf 87' lang='lat' dir='ltr'><strong>relinquamus,</strong></span> <span class='ocrx_word' id='word_1_89' title='bbox 602 1986 747 2055; x_wconf 90' lang='lat' dir='ltr'><strong>sednon</strong></span> <span class='ocrx_word' id='word_1_90' title='bbox 768 1985 926 2053; x_wconf 91' lang='lat' dir='ltr'><strong>oontemni</strong></span> <span class='ocrx_word' id='word_1_91' title='bbox 947 1991 1067 2073; x_wconf 90' lang='lat' dir='ltr'><strong>potest,</strong></span> <span class='ocrx_word' id='word_1_92' title='bbox 1099 1985 1176 2052; x_wconf 86' lang='lat' dir='ltr'><strong>illud</strong></span> 
     </span>
     <span class='ocr_line' id='line_1_15' title="bbox 165 2100 1175 2196; baseline 0.001 -21"><span class='ocrx_word' id='word_1_93' title='bbox 165 2128 281 2177; x_wconf 90' lang='lat' dir='ltr'><strong>nomen</strong></span> <span class='ocrx_word' id='word_1_94' title='bbox 308 2111 355 2176; x_wconf 88' lang='lat' dir='ltr'><strong>ad·</strong></span> <span class='ocrx_word' id='word_1_95' title='bbox 378 2112 511 2179; x_wconf 87' lang='lat' dir='ltr'><strong>alteram</strong></span> <span class='ocrx_word' id='word_1_96' title='bbox 546 2111 629 2177; x_wconf 90' lang='lat' dir='ltr'><strong>tituli</strong></span> <span class='ocrx_word' id='word_1_97' title='bbox 656 2100 797 2196; x_wconf 83' lang='lat' dir='ltr'><strong>Jos&#39;epho</strong></span> <span class='ocrx_word' id='word_1_98' title='bbox 825 2110 1024 2196; x_wconf 77' lang='lat' dir='ltr'><strong>patriarchae</strong></span> <span class='ocrx_word' id='word_1_99' title='bbox 1052 2131 1073 2178; x_wconf 87' lang='lat' dir='ltr'><strong>a</strong></span> <span class='ocrx_word' id='word_1_100' title='bbox 1101 2129 1175 2194; x_wconf 80' lang='lat' dir='ltr'><strong>rege</strong></span> 
     </span>
     <span class='ocr_line' id='line_1_16' title="bbox 167 2228 1175 2320; baseline -0.001 -21"><span class='ocrx_word' id='word_1_101' title='bbox 167 2232 235 2299; x_wconf 82' lang='lat' dir='ltr'><strong>dati</strong></span> <span class='ocrx_word' id='word_1_102' title='bbox 263 2240 361 2308; x_wconf 64' lang='grc' dir='ltr'><strong>ΠΜ</strong></span> <span class='ocrx_word' id='word_1_103' title='bbox 383 2243 494 2310; x_wconf 65' lang='lat' dir='ltr'><strong>nitet</strong></span> <span class='ocrx_word' id='word_1_104' title='bbox 518 2228 805 2320; x_wconf 66' lang='lat' dir='ltr'><strong>(uovooppavpx)</strong></span> <span class='ocrx_word' id='word_1_105' title='bbox 831 2240 955 2320; x_wconf 86' lang='lat' dir='ltr'><strong>partem</strong></span> <span class='ocrx_word' id='word_1_106' title='bbox 977 2240 1075 2308; x_wconf 65' lang='grc' dir='ltr'><strong>ΠΜ</strong></span> <span class='ocrx_word' id='word_1_107' title='bbox 1098 2233 1175 2300; x_wconf 78' lang='lat' dir='ltr'><strong>refe</strong></span> 
     </span>
     <span class='ocr_line' id='line_1_17' title="bbox 165 2347 1175 2444; baseline 0.005 -24"><span class='ocrx_word' id='word_1_108' title='bbox 165 2356 299 2423; x_wconf 90' lang='lat' dir='ltr'><strong>rendum</strong></span> <span class='ocrx_word' id='word_1_109' title='bbox 314 2377 400 2444; x_wconf 70' lang='lat' dir='ltr'><strong>esse,</strong></span> <span class='ocrx_word' id='word_1_110' title='bbox 424 2379 520 2443; x_wconf 87' lang='lat' dir='ltr'><strong>quam</strong></span> <span class='ocrx_word' id='word_1_111' title='bbox 534 2358 614 2444; x_wconf 90' lang='lat' dir='ltr'><strong>Lep</strong></span> <span class='ocrx_word' id='word_1_112' title='bbox 624 2351 747 2444; x_wconf 83' lang='lat' dir='ltr'><strong>sius³),</strong></span> <span class='ocrx_word' id='word_1_113' title='bbox 771 2379 811 2424; x_wconf 84' lang='lat' dir='ltr'><strong>ex</strong></span> <span class='ocrx_word' id='word_1_114' title='bbox 826 2359 921 2424; x_wconf 89' lang='lat' dir='ltr'><strong>verbo</strong></span> <span class='ocrx_word' id='word_1_115' title='bbox 936 2347 1175 2444; x_wconf 70' lang='lat' dir='ltr'><strong>hieroglyphioo</strong></span> 
     </span>
     <span class='ocr_line' id='line_1_18' title="bbox 166 2480 1176 2579; baseline 0.001 -32"><span class='ocrx_word' id='word_1_116' title='bbox 166 2480 257 2567; x_wconf 87' lang='lat' dir='ltr'><strong>anoh,</strong></span> <span class='ocrx_word' id='word_1_117' title='bbox 272 2482 400 2569; x_wconf 89' lang='lat' dir='ltr'><strong>koptioe</strong></span> <span class='ocrx_word' id='word_1_118' title='bbox 418 2495 535 2578; x_wconf 78' lang='lat' dir='ltr'><strong>mog,</strong></span> <span class='ocrx_word' id='word_1_119' title='bbox 558 2495 662 2577; x_wconf 59' lang='lat' dir='ltr'><strong>ung,</strong></span> <span class='ocrx_word' id='word_1_120' title='bbox 678 2503 748 2548; x_wconf 92' lang='lat' dir='ltr'><strong>oum</strong></span> <span class='ocrx_word' id='word_1_121' title='bbox 764 2481 895 2548; x_wconf 90' lang='lat' dir='ltr'><strong>artioulo</strong></span> <span class='ocrx_word' id='word_1_122' title='bbox 911 2497 941 2552; x_wconf 83' lang='lat'><strong>11</strong></span> <span class='ocrx_word' id='word_1_123' title='bbox 961 2494 1072 2579; x_wconf 73' lang='lat' dir='ltr'><strong>tltssg,</strong></span> <span class='ocrx_word' id='word_1_124' title='bbox 1091 2481 1176 2566; x_wconf 84' lang='lat' dir='ltr'><strong>quod</strong></span> 
     </span>
     <span class='ocr_line' id='line_1_19' title="bbox 166 2605 1175 2695; baseline 0.002 -24"><span class='ocrx_word' id='word_1_125' title='bbox 166 2605 324 2689; x_wconf 79' lang='lat' dir='ltr'><strong>signifieat</strong></span> <span class='ocrx_word' id='word_1_126' title='bbox 337 2607 457 2695; x_wconf 78' lang='lat' dir='ltr'><strong>vitam,</strong></span> <span class='ocrx_word' id='word_1_127' title='bbox 468 2606 658 2691; x_wconf 79' lang='lat' dir='ltr'><strong>explicatam</strong></span> <span class='ocrx_word' id='word_1_128' title='bbox 681 2626 779 2690; x_wconf 89' lang='lat' dir='ltr'><strong>saepe</strong></span> <span class='ocrx_word' id='word_1_129' title='bbox 794 2605 827 2670; x_wconf 90' lang='lat' dir='ltr'><strong>in</strong></span> <span class='ocrx_word' id='word_1_130' title='bbox 841 2605 1021 2672; x_wconf 87' lang='lat' dir='ltr'><strong>nominibus</strong></span> <span class='ocrx_word' id='word_1_131' title='bbox 1037 2607 1175 2692; x_wconf 85' lang='lat' dir='ltr'><strong>propriis</strong></span> 
     </span>
     <span class='ocr_line' id='line_1_20' title="bbox 164 2727 1176 2815; baseline 0.003 -22"><span class='ocrx_word' id='word_1_132' title='bbox 164 2727 293 2814; x_wconf 89' lang='lat' dir='ltr'><strong>invenit,</strong></span> <span class='ocrx_word' id='word_1_133' title='bbox 306 2728 349 2796; x_wconf 87' lang='lat' dir='ltr'><strong>ad</strong></span> <span class='ocrx_word' id='word_1_134' title='bbox 361 2730 555 2815; x_wconf 83' lang='lat' dir='ltr'><strong>exemplum:</strong></span> <span class='ocrx_word' id='word_1_135' title='bbox 571 2728 766 2795; x_wconf 87' lang='lat' dir='ltr'><strong>Ra-en-anoh</strong></span> <span class='ocrx_word' id='word_1_136' title='bbox 778 2728 953 2795; x_wconf 86' lang='lat' dir='ltr'><strong>siveRa-en</strong></span> <span class='ocrx_word' id='word_1_137' title='bbox 964 2728 1017 2814; x_wconf 91' lang='lat' dir='ltr'><strong>ph.</strong></span> <span class='ocrx_word' id='word_1_138' title='bbox 1029 2731 1121 2815; x_wconf 87' lang='lat' dir='ltr'><strong>anuh,</strong></span> <span class='ocrx_word' id='word_1_139' title='bbox 1129 2730 1176 2796; x_wconf 90' lang='lat' dir='ltr'><strong>sol</strong></span> 
     </span>
     <span class='ocr_line' id='line_1_21' title="bbox 164 2839 1177 2949; baseline 0 -30"><span class='ocrx_word' id='word_1_140' title='bbox 164 2851 263 2939; x_wconf 79' lang='lat' dir='ltr'><strong>vitae3</strong></span> <span class='ocrx_word' id='word_1_141' title='bbox 279 2851 765 2949; x_wconf 47' lang='lat' dir='ltr'><strong>Sohairajanohssse&#39;skef-anoh,</strong></span> <span class='ocrx_word' id='word_1_142' title='bbox 776 2851 942 2918; x_wconf 82' lang='lat' dir='ltr'><strong>Aul-anob.</strong></span> <span class='ocrx_word' id='word_1_143' title='bbox 964 2852 1015 2916; x_wconf 84' lang='lat' dir='ltr'><strong>Ex</strong></span> <span class='ocrx_word' id='word_1_144' title='bbox 1025 2839 1177 2940; x_wconf 82' lang='lat' dir='ltr'><strong>dynastia</strong></span> 
     </span>
     <span class='ocr_line' id='line_1_22' title="bbox 163 2973 1180 3076; baseline 0.004 -35"><span class='ocrx_word' id='word_1_145' title='bbox 163 2975 244 3041; x_wconf 85' lang='lat' dir='ltr'><strong>XXI</strong></span> <span class='ocrx_word' id='word_1_146' title='bbox 265 2973 521 3063; x_wconf 83' lang='lat' dir='ltr'><strong>Bunsenius⁴)</strong></span> <span class='ocrx_word' id='word_1_147' title='bbox 550 2997 658 3060; x_wconf 85' lang='lat' dir='ltr'><strong>regem</strong></span> <span class='ocrx_word' id='word_1_148' title='bbox 686 2976 820 3061; x_wconf 84' lang='lat' dir='ltr'><strong>notavit,</strong></span> <span class='ocrx_word' id='word_1_149' title='bbox 848 2976 903 3060; x_wconf 90' lang='lat' dir='ltr'><strong>qui</strong></span> <span class='ocrx_word' id='word_1_150' title='bbox 932 2976 1036 3044; x_wconf 85' lang='lat' dir='ltr'><strong>simile</strong></span> <span class='ocrx_word' id='word_1_151' title='bbox 1057 2997 1180 3076; x_wconf 37' lang='lat' dir='ltr'><strong>nomen·</strong></span> 
     </span>
     <span class='ocr_line' id='line_1_23' title="bbox 163 3099 1172 3184; baseline 0.004 -19"><span class='ocrx_word' id='word_1_152' title='bbox 163 3099 258 3183; x_wconf 82' lang='lat' dir='ltr'><strong>gerit:</strong></span> <span class='ocrx_word' id='word_1_153' title='bbox 282 3100 457 3168; x_wconf 87' lang='lat' dir='ltr'><strong>Psinaohes</strong></span> <span class='ocrx_word' id='word_1_154' title='bbox 470 3101 522 3168; x_wconf 85' lang='lat' dir='ltr'><strong>vel</strong></span> <span class='ocrx_word' id='word_1_155' title='bbox 535 3099 732 3184; x_wconf 87' lang='lat' dir='ltr'><strong>Phinaohes,</strong></span> <span class='ocrx_word' id='word_1_156' title='bbox 751 3099 786 3166; x_wconf 84' lang='lat' dir='ltr'><strong>id</strong></span> <span class='ocrx_word' id='word_1_157' title='bbox 808 3099 893 3184; x_wconf 88' lang='lat' dir='ltr'><strong>quod</strong></span> <span class='ocrx_word' id='word_1_158' title='bbox 910 3099 1046 3167; x_wconf 85' lang='lat' dir='ltr'><strong>Piankh.</strong></span> <span class='ocrx_word' id='word_1_159' title='bbox 1082 3102 1172 3169; x_wconf 84' lang='lat' dir='ltr'><strong>Hane</strong></span> 
     </span>
     <span class='ocr_line' id='line_1_24' title="bbox 162 3222 1167 3310; baseline 0.004 -24"><span class='ocrx_word' id='word_1_160' title='bbox 162 3222 246 3289; x_wconf 89' lang='lat' dir='ltr'><strong>tituli</strong></span> <span class='ocrx_word' id='word_1_161' title='bbox 259 3223 523 3309; x_wconf 74' lang='lat' dir='ltr'><strong>significationem</strong></span> <span class='ocrx_word' id='word_1_162' title='bbox 537 3225 571 3290; x_wconf 95' lang='lat' dir='ltr'><strong>in</strong></span> <span class='ocrx_word' id='word_1_163' title='bbox 591 3224 773 3298; x_wconf 84' lang='lat' dir='ltr'><strong>universum</strong></span> <span class='ocrx_word' id='word_1_164' title='bbox 787 3226 901 3310; x_wconf 87' lang='lat' dir='ltr'><strong>probat</strong></span> <span class='ocrx_word' id='word_1_165' title='bbox 913 3224 1167 3310; x_wconf 85' lang='lat' dir='ltr'><strong>Brugsohius,</strong></span> 
     </span>
    </p>
   </div>
   <div class='ocr_carea' id='block_1_3' title="bbox 162 3430 1171 3929">
    <p class='ocr_par' dir='ltr' id='par_1_4' title="bbox 162 3430 1171 3622">
     <span class='ocr_line' id='line_1_25' title="bbox 218 3430 1171 3506; baseline 0.002 -19"><span class='ocrx_word' id='word_1_166' title='bbox 218 3434 239 3500; x_wconf 83' lang='lat'><strong>¹)</strong></span> <span class='ocrx_word' id='word_1_167' title='bbox 266 3433 309 3488; x_wconf 90' lang='lat' dir='ltr'><strong>Do</strong></span> <span class='ocrx_word' id='word_1_168' title='bbox 337 3432 450 3504; x_wconf 82' lang='lat' dir='ltr'><strong>regibus</strong></span> <span class='ocrx_word' id='word_1_169' title='bbox 472 3433 520 3503; x_wconf 91' lang='lat' dir='ltr'><strong>qui</strong></span> <span class='ocrx_word' id='word_1_170' title='bbox 542 3434 652 3506; x_wconf 85' lang='lat' dir='ltr'><strong>Hyosos</strong></span> <span class='ocrx_word' id='word_1_171' title='bbox 674 3437 808 3491; x_wconf 81' lang='lat' dir='ltr'><strong>vorantur</strong></span> <span class='ocrx_word' id='word_1_172' title='bbox 830 3448 859 3502; x_wconf 88' lang='lat' dir='ltr'><strong>p.</strong></span> <span class='ocrx_word' id='word_1_173' title='bbox 876 3433 921 3490; x_wconf 87' lang='grc'><strong>31.</strong></span> <span class='ocrx_word' id='word_1_174' title='bbox 942 3462 976 3474; x_wconf 94' lang='grc'><strong>-</strong></span> <span class='ocrx_word' id='word_1_175' title='bbox 1000 3430 1171 3505; x_wconf 80' lang='lat' dir='ltr'><strong>Brugsoh,</strong></span> 
     </span>
     <span class='ocr_line' id='line_1_26' title="bbox 162 3536 945 3622; baseline 0.005 -28"><span class='ocrx_word' id='word_1_176' title='bbox 162 3536 377 3597; x_wconf 82' lang='lat' dir='ltr'><strong>Reiueberiohte.</strong></span> <span class='ocrx_word' id='word_1_177' title='bbox 395 3541 458 3596; x_wconf 80' lang='lat'><strong>219.</strong></span> <span class='ocrx_word' id='word_1_178' title='bbox 471 3541 534 3596; x_wconf 79' lang='lat'><strong>345.</strong></span> <span class='ocrx_word' id='word_1_179' title='bbox 941 3615 945 3622; x_wconf 27' lang='grc' dir='ltr'>Ι</span> 
     </span>
    </p>

    <p class='ocr_par' dir='ltr' id='par_1_5' title="bbox 215 3642 913 3719">
     <span class='ocr_line' id='line_1_27' title="bbox 215 3642 913 3719; baseline 0 -18"><span class='ocrx_word' id='word_1_180' title='bbox 215 3644 237 3714; x_wconf 82' lang='lat'><strong>²)</strong></span> <span class='ocrx_word' id='word_1_181' title='bbox 259 3645 302 3703; x_wconf 89' lang='lat' dir='ltr'><strong>De</strong></span> <span class='ocrx_word' id='word_1_182' title='bbox 319 3646 373 3703; x_wconf 90' lang='lat' dir='ltr'><strong>hoo</strong></span> <span class='ocrx_word' id='word_1_183' title='bbox 389 3663 456 3719; x_wconf 80' lang='lat' dir='ltr'><strong>roge</strong></span> <span class='ocrx_word' id='word_1_184' title='bbox 472 3647 538 3704; x_wconf 84' lang='lat' dir='ltr'><strong>vide</strong></span> <span class='ocrx_word' id='word_1_185' title='bbox 556 3659 627 3715; x_wconf 86' lang='lat' dir='ltr'><strong>quae</strong></span> <span class='ocrx_word' id='word_1_186' title='bbox 643 3642 716 3701; x_wconf 83' lang='lat' dir='ltr'><strong>infra</strong></span> <span class='ocrx_word' id='word_1_187' title='bbox 731 3643 913 3703; x_wconf 86' lang='lat' dir='ltr'><strong>monebimus.</strong></span> 
     </span>
    </p>

    <p class='ocr_par' dir='ltr' id='par_1_6' title="bbox 214 3751 360 3821">
     <span class='ocr_line' id='line_1_28' title="bbox 214 3751 360 3821; baseline 0.014 -14"><span class='ocrx_word' id='word_1_188' title='bbox 214 3751 237 3819; x_wconf 84' lang='lat'><strong>⁸)</strong></span> <span class='ocrx_word' id='word_1_189' title='bbox 257 3767 287 3821; x_wconf 88' lang='lat' dir='ltr'><strong>p.</strong></span> <span class='ocrx_word' id='word_1_190' title='bbox 299 3753 360 3809; x_wconf 72' lang='lat'><strong>382.</strong></span> 
     </span>
    </p>

    <p class='ocr_par' dir='ltr' id='par_1_7' title="bbox 214 3856 429 3929">
     <span class='ocr_line' id='line_1_29' title="bbox 214 3856 429 3929; baseline 0.005 -14"><span class='ocrx_word' id='word_1_191' title='bbox 214 3857 236 3925; x_wconf 84' lang='lat'><strong>⁴)</strong></span> <span class='ocrx_word' id='word_1_192' title='bbox 260 3856 309 3916; x_wconf 87' lang='lat' dir='ltr'><strong>IV.</strong></span> <span class='ocrx_word' id='word_1_193' title='bbox 327 3858 429 3929; x_wconf 76' lang='lat' dir='ltr'><strong>pato.</strong></span> 
     </span>
    </p>
   </div>
   <div class='ocr_carea' id='block_1_4' title="bbox 0 0 1350 4650">
    <p class='ocr_par' dir='ltr' id='par_1_8' title="bbox 0 0 1350 4650">
     <span class='ocr_line' id='line_1_30' title="bbox 0 0 1350 4650; baseline 0 1"><span class='ocrx_word' id='word_1_194' title='bbox 0 0 1350 4650; x_wconf 95' lang='lat' dir='ltr'><strong> </strong></span> 
     </span>
    </p>
   </div>
  </div>
 </body>
</html>
