2692 4650
595 319 754 416 A

169 492 337 560 reierenda
358 492 429 578 sint,
452 492 498 560 ita
519 499 555 559 ut
572 493 744 578 Josephus‚
767 492 847 578 ipsis
861 492 1060 560 Manethonis
1075 494 1181 560 verbis

169 617 287 701 relatis,
309 638 393 684 nuno
415 615 484 702 ejus
499 617 684 685 relationem
700 638 771 684 oum
786 616 886 684 saeris
902 618 1012 703 populi
1027 617 1077 684 sui
1091 617 1180 683 libris

169 741 325 826 senserat,
348 742 456 808 —ad
480 749 624 810 nostram
651 741 869 826 quaestionem
891 742 1007 808 nullius
1030 741 1182 807 momenti

170 871 234 949 est,
267 885 339 931 oum
367 868 464 934 verba
496 867 552 933 illa
580 866 660 931 nihil
686 866 761 933 novi
790 866 830 932 de
860 871 1046 949 argumento
1073 871 1182 931 nostro

169 991 351 1075 praebeant,
373 1011 471 1073 quare
493 991 549 1057 illa
571 990 605 1056 in
627 1009 783 1076 suspenso
806 990 982 1072 relinquere
1001 1008 1181 1074 possumus.

640 1203 781 1282 55..

236 1361 362 1429 Deinde
395 1368 500 1429 exstat
531 1363 614 1429 alius
647 1363 735 1428 loous
770 1383 810 1428 ex
839 1360 953 1429 eodem
980 1357 1181 1429 Manethonis

168 1486 248 1552 libro
272 1507 293 1553 a
314 1480 488 1572 Josepho¹)
511 1493 670 1572 sumptus,
693 1485 749 1552 ubi
771 1486 812 1553 de
834 1487 917 1553 bello
939 1487 1025 1570 regis
1046 1487 1181 1552 Ameno

169 1604 301 1694 phios²)
330 1616 438 1677 eontra
464 1610 604 1696 impuros
633 1617 665 1676 et
697 1611 840 1695 leprosos
869 1610 974 1694 agitur
1001 1617 1034 1677 et
1061 1610 1182 1694 Hysso-

170 1751 277 1799 sorum
298 1733 333 1798 in
353 1733 417 1800 fine
438 1735 556 1801 mentio
578 1729 655 1819 fis).
699 1735 776 1801 Post
799 1734 884 1800 enim
906 1739 1062 1802 trecentos
1085 1752 1182 1799 nona-

169 1856 259 1941 ginta
286 1863 350 1924 tres
373 1878 474 1925 annos
487 1852 512 1943 ⁴)
541 1878 637 1942 quam
663 1865 808 1943 pastores
838 1859 963 1943 expulsi
992 1863 1094 1942 erant,
1122 1876 1182 1923 rex

169 1979 364 2066 Amenophis
386 1988 421 2048 ut
442 1982 529 2050 Deos
543 1983 653 2049 videre
674 1989 792 2068 posset,
815 1982 977 2066 regionem
998 1981 1181 2048 universam

169 2103 211 2172 de
232 2105 367 2191 leprosis
388 2105 568 2174 hominihus
590 2125 726 2192 purgare
747 2106 855 2173 voluit.
888 2103 1029 2171 Primum
1051 2104 1182 2189 quidem

170 2247 225 2297 eos
248 2230 291 2296 ad
313 2231 470 2299 sectiones
494 2231 637 2317 lapidum
658 2232 711 2298 vel
730 2230 921 2316 lapioidines
944 2230 1045 2314 misit,
1067 2234 1183 2314 postea

168 2386 380 2398 m——au-——ae-

131 2450 134 2455 .
224 2472 244 2541 ¹)
267 2471 461 2531 Manethonem
478 2475 532 2532 sibi
550 2489 606 2533 non
624 2480 797 2532 constantem
809 2469 948 2531 Israeliten
961 2488 1035 2530 nune
1046 2475 1180 2543 pastores,

169 2592 243 2633 nune
266 2578 390 2648 leprosos
413 2581 499 2639 fuisse
517 2581 697 2654 contendere,
721 2581 791 2637 nihil
811 2579 888 2637 aliud
905 2581 960 2637 nisi
976 2579 1092 2651 Josephi
1110 2577 1182 2635 falsa

169 2686 307 2741 sententia
323 2691 374 2742 est.

222 2791 245 2860 ⁹)
268 2789 454 2862 hmenophim
475 2792 549 2849 hune
573 2809 666 2864 regem
689 2796 791 2850 vooant
813 2789 955 2863 praeterea
978 2787 1181 2850 Chairemon

169 2895 244 2965 opud
260 2896 376 2967 loseph.
395 2903 491 2956 eontra
508 2898 610 2970 Apion.
622 2900 646 2955 Ι.
658 2901 701 2970 33,
724 2890 938 2969 Theophilus
956 2894 992 2954 ud
1009 2897 1181 2970 Autolycum

170 3016 195 3058 o.
207 3001 257 3075 193
276 3004 325 3060 sod
336 3004 465 3063 Manetho
478 3023 541 3063 eum
553 3006 710 3063 nominasse
720 3004 831 3062 videtur
842 3009 979 3077 Mtvopm,
998 3004 1072 3074 quod
1085 3016 1182 3060 omnes

170 3107 250 3165 oodd.
268 3115 366 3179 posteo
382 3111 493 3169 hebent.
549 3126 554 3135 ·

222 3216 245 3283 ⁸)
268 3215 407 3286 Josephus
425 3235 450 3274 o.
468 3218 607 3290 Apionem
622 3213 647 3275 1.
660 3219 704 3274 26.

221 3321 244 3388 ⁴)
272 3326 416 3399 Τριακόσια
437 3327 590 3393 ἐνενήκοντα
607 3331 666 3402 τρία
683 3329 733 3392 ἔτη.
770 3323 839 3381 Cum
857 3323 980 3379 omnium
997 3336 1093 3392 regum
1111 3326 1177 3378 tem-

169 3441 237 3494 poro
259 3427 416 3497 aJosepho
438 3431 540 3486 tradite
560 3435 592 3486 ut
609 3445 683 3485 nuno
701 3445 732 3486 se
749 3428 853 3486 habent
869 3431 1028 3496 computata
1044 3443 1182 3483 summum

169 3535 277 3588 tentum
295 3533 421 3590 efficiunt
443 3537 496 3591 333
513 3552 660 3606 annorum,
683 3534 883 3591 hlsrshomis
903 3534 1061 3604 oonjeetura
1079 3535 1182 3601 (canon

170 3636 265 3694 ehron.
283 3656 310 3709 p.
323 3642 386 3711 139)
404 3642 555 3710 probabilis
571 3641 689 3711 videtur,
711 3640 865 3710 losephum
883 3639 993 3697 Sethosi
1009 3640 1099 3710 primo
1116 3637 1182 3692 loeo

170 3744 231 3800 sine
249 3746 328 3816 regni
345 3749 424 3804 annis
442 3749 525 3804 allato
544 3747 786 3818 sexaginteannos
797 3746 936 3804 tribuisse.
964 3745 1000 3802 of.
1012 3741 1182 3800 Fruinius

170 3849 232 3921 l.o.,
252 3851 442 3911 Muellerus
459 3855 478 3910 l.
488 3871 513 3911 o.
530 3870 559 3923 p.
571 3853 625 3908 574
636 3868 678 3923 sq.
