2692 4650
548 306 708 405 *ua-

123 483 253 574 folgern,
277 482 350 553 dass
365 482 423 553 der
441 484 558 570 heiliga
572 484 700 552 Dialoot
713 484 852 570 garrisse
865 483 974 552 Worte
996 481 1135 569 enthielt,

122 612 176 679 dio
198 613 233 677 in
249 611 322 678 dem
342 611 509 696 gemeinen
523 610 650 677 Dialeot
670 609 758 677 nieht
772 611 955 679 vorkamon.
971 644 1016 656 —-
1035 609 1136 677 Zwei·

122 743 194 804 tens
216 736 258 803 ist
279 755 320 802 zu
341 736 472 822 folgern,
495 736 568 803 dass
589 736 625 801 in
642 734 699 802 der
721 736 857 802 altasten
877 735 948 802 Zeit
970 735 1023 802 die
1047 735 1136 822 Spal-

123 867 201 946 tung
221 861 255 927 in
278 862 359 930 zwei
373 861 519 930 Dialoote
532 861 727 946 wenigstens
750 860 806 927 fllr
820 860 874 928 dio
896 860 1013 928 beiden
1026 861 1135 929 Worte

121 985 199 1073 Hyk
220 985 287 1052 und
309 986 369 1054 Sos
396 986 478 1054 uooh
498 986 587 1054 nioht
608 987 693 1054 stau
719 980 824 1053 fand.“
865 986 1013 1070 Denique
1041 985 1135 1053 faoile

122 1110 314 1196 intelligitur,
336 1112 509 1195 quomodo
525 1113 682 1199 scriptura
699 1132 791 1180 saera
806 1117 838 1178 et
851 1110 1001 1196 vulgaris,
1022 1111 1135 1178 eodem

122 1235 264 1321 linguam
286 1256 412 1321 quoque
434 1258 559 1305 sauram
580 1244 613 1305 et
633 1238 798 1323 vulgarem
823 1236 961 1305 existere
983 1236 1135 1321 potuisse.

122 1360 173 1427 Ex
194 1361 305 1447 lingua
321 1363 407 1430 enim
422 1383 486 1448 qua
506 1364 618 1452 primis
636 1364 773 1432 saeculis
788 1361 939 1450 Aegyptii
959 1362 1135 1445 utebantur,

123 1486 288 1571 paullatim
309 1487 420 1574 lingua
442 1510 535 1557 saura
557 1496 590 1557 et
609 1489 750 1574 vulgaris
773 1488 980 1573 formabatur,
1003 1487 1136 1574 ,lingua

123 1612 264 1696 vulgaris
285 1614 396 1699 populi
426 1634 571 1681 sermone
600 1614 675 1680 trita
702 1613 806 1698 magis
828 1613 995 1696 magisque
1017 1611 1135 1677 formas

123 1743 155 1803 et
177 1737 333 1805 dictiones
356 1740 507 1822 mutabat,
533 1759 617 1806 nova
637 1739 793 1806 voeabula
813 1739 1005 1822 assumebat
1027 1743 1136 1803 vetera

122 1861 296 1948 rejiciebat,
312 1862 358 1930 ita
373 1870 408 1930 ut
422 1863 532 1949 lingua
547 1883 611 1948 qua
625 1866 794 1932 utebantur
807 1861 1007 1931 Marathonis
1022 1880 1136 1944 aequa·

122 1983 169 2053 les
186 1987 271 2070 quod
293 1988 336 2055 ad
359 1989 509 2072 loquendi
527 1989 662 2056 formam
683 1989 869 2074 longissime
885 1987 1018 2054 distaret
1040 1987 1080 2052 ab
1097 2005 1136 2052 oa

123 2130 205 2195 quae
235 2119 309 2179 ante
331 2112 445 2197 viginti
474 2118 506 2179 et
532 2114 625 2198 plura
647 2115 776 2181 saecula
804 2114 838 2179 in
860 2113 1008 2199 Aegypto
1030 2110 1136 2195 vigue-

124 2230 195 2301 rat“
207 2231 239 2320 ¹).
267 2236 326 2303 Illa
341 2256 432 2304 saora
447 2237 489 2304 ad
504 2244 707 2306 monumenta
726 2239 855 2324 publiea
868 2235 1072 2305 inscribenda
1082 2234 1150 2331 ¹vel¹

123 2359 167 2426 ad
190 2381 282 2428 sarra
304 2362 424 2447 scripta
445 2361 665 2448 uomponenda
685 2365 862 2447 utebantur,
885 2362 967 2428 siout
994 2361 1028 2427 in
1051 2359 1137 2427 omni

123 2485 234 2567 lingua
248 2486 345 2552 talem
359 2484 594 2554 distinotionem
609 2486 747 2571 duplicis
768 2492 803 2551 ut
817 2486 862 2552 ita
877 2486 982 2552 dioam
999 2485 1136 2569 dialeoti,

125 2608 265 2693 vulgaris
281 2614 313 2676 ot
327 2608 538 2694 elegantioris,
552 2610 697 2697 purioris,
713 2631 823 2678 saurae
838 2611 1025 2679 invenimus.
1048 2610 1136 2677 Bene

124 2729 186 2799 bao
219 2718 260 2800 de
280 2708 328 2799 ¹re
361 2729 620 2819 Bunsenius¹)
655 2735 842 2822 disputavit:
881 2735 985 2822 ,Jede
1019 2734 1136 2820 heilige

123 2853 265 2945 Spraohe
288 2857 330 2923 ist
350 2859 429 2925 aber
451 2858 535 2925 ihrer
549 2859 650 2926 Natur
672 2861 752 2927 nauh
771 2861 874 2928 niobts
898 2835 947 2928 als
970 2861 1041 2928 eine
1065 2859 1135 2929 ebe-

123 2982 241 3067 malige
256 2964 501 3069 Vossrsspraohe,
524 2983 645 3051 welohe
668 2985 769 3052 duroh
784 2984 902 3070 heiliga
916 2985 1041 3053 Bucher
1062 2985 1135 3054 fest-

124 3105 272 3190 gohalten
286 3107 426 3176 worden.
455 3108 498 3175 So
513 3108 573 3176 das
587 3108 785 3176 Hebrbisobe
803 3109 848 3174 im
863 3109 1061 3195 Gogensatze
1077 3109 1134 3176 des

31 3229 43 3242 ‘
123 3237 341 3315 sogenannten
368 3232 618 3320 Obaldbisohen3
651 3235 710 3302 das
737 3234 984 3303 Althellenisohe
1017 3237 1050 3301 in
1078 3234 1135 3302 der

125 3355 342 3438 grieohisoben
369 3357 488 3425 Kirohe
515 3361 618 3426 neben
647 3359 721 3426 dem
743 3359 1046 3445 Neugrieobisohen,
1075 3358 1135 3426 das

124 3475 326 3549 Lateinisohe
343 3485 446 3551 nebon
462 3483 536 3552 dom
550 3484 784 3553 Romanisohen
801 3480 871 3552 ....“
899 3487 1029 3552 Praeter
1050 3483 1134 3550 Sal-

180 3764 201 3831 ι)
223 3760 385 3820 Fruinius
402 3780 431 3834 p.
445 3763 489 3821 67.

178 3868 200 3938 ²)
224 3867 387 3942 Aegyptam
404 3871 483 3928 stau.
499 3870 523 3927 1.
540 3886 569 3940 p.
582 3871 643 3927 310.
