2692 4650
190 874 225 940 Si
239 872 298 940 has
314 873 421 941 varias
436 872 637 939 recensiones
653 892 882 958 comparamus,
900 873 981 939 haec
995 873 1135 940 notanda

110 1005 205 1069 sunt.
240 997 287 1063 Ac
308 998 445 1084 primum
467 1017 558 1081 reges
575 1003 729 1083 pastores,
753 1016 832 1079 quos
847 996 1015 1064 Africanus
1031 999 1065 1063 in
1080 997 1136 1084 dy-

121 1119 396 1189 nastiadeci'ma
411 1121 552 1204 quinta
566 1121 687 1206 posuit,
709 1121 868 1187 Eusebius
884 1122 925 1186 in
943 1123 1134 1188 decimam

124 1247 332 1333 septimam
346 1246 515 1330 transtulit,
538 1265 601 1328 qna
616 1245 649 1310 in
664 1265 698 1311 re
714 1266 786 1311 cum
801 1245 980 1312 Scholiasta
994 1247 1135 1314 Platonis

121 1371 288 1438 consentit
332 1369 459 1440 Contra
473 1369 543 1455 jam
574 1365 773 1455 Syncellus²)
796 1370 970 1436 Eusebium
997 1378 1135 1455 accusat,

123 1494 484 1579 quodhlanethonianas
499 1493 641 1567 Africani
664 1495 830 1578 dynastiae
852 1502 888 1560 ut
910 1496 976 1561 suis
1000 1512 1136 1579 συγχρο-

123 1630 247 1703 acopos
261 1619 473 1702 convenirent,
497 1619 673 1685 mutaverit
707 1619 804 1684 Haud
817 1620 981 1705 probabile
997 1620 1137 1706 Syncelli

116 1744 275 1830 judicium
303 1744 396 1810 nohis
424 1742 562 1828 videtur,
597 1744 785 1828 praesertim
812 1764 897 1827 cum,
929 1745 1035 1811 multis
1063 1745 1135 1812 aliis

122 1889 206 1953 quae
233 1867 321 1935 idem
349 1869 483 1953 probant
516 1868 642 1933 indiciis
672 1867 814 1952 omissis,
844 1868 929 1950 quod
950 1867 1002 1934 hic
1024 1876 1136 1954 postea

121 1993 294 2080 profitetur,
316 1993 487 2079 respicias,
516 1992 570 2058 ubi
591 1983 776 2058 Manethoni
798 1991 974 2076 Josephnm
996 1994 1135 2078 opponit,

123 2117 335 2207 quemsequi
356 2117 483 2200 mavult,
507 2136 603 2199 quam
621 2116 718 2199 illum,
740 2116 828 2182 hand
843 2124 1002 2201 reputans,
1025 2117 1136 2188 Jose-

11 2254 14 2259 ·
125 2240 244 2326 phum
272 2259 397 2324 quoque
424 2241 533 2326 ipsum.
557 2241 686 2307 nomina
715 2262 773 2307 sua
801 2241 1031 2308 ehlanethone
1055 2262 1137 2308 sum·

123 2365 238 2451 psisse.
276 2365 349 2431 Huc
369 2347 502 2448 accedit,
526 2365 611 2448 quod
634 2385 826 2448 quamquam
847 2365 1023 2450 Josephnm
1046 2366 1137 2449 sequi

123 2491 207 2573 vult,
234 2496 342 2556 tamen
371 2509 444 2554 eum
470 2497 543 2557 ante
565 2492 672 2556 oculos
695 2490 845 2556 habuisse
869 2510 997 2574 prorsus
1020 2510 1137 2573 negan-

127 2614 204 2678 dum
225 2619 289 2696 est,
312 2612 371 2680 sed
394 2614 635 2681 ePanodoro
659 2614 761 2681 aliove
777 2634 836 2680 sua
853 2615 1052 2700 excerpsisse
1067 2634 1137 2681 cen-

128 2737 272 2820 sendum,
292 2737 329 2802 id
349 2738 434 2821 quod
456 2759 520 2804 non
543 2739 648 2804 solnm·
669 2760 710 2806 ex
731 2738 792 2804 hoc
813 2740 882 2805 loco
905 2741 964 2805 sed
985 2739 1082 2806 etiam
1096 2760 1137 2807 ex

125 2861 199 2927 aliis
221 2861 291 2928 luce
313 2861 427 2929 clarius
450 2870 586 2950 apparet
596 2857 631 2943 ⁹).
665 2863 845 2930 Verisimile
867 2870 929 2947 est,
955 2864 1138 2949 Eusebium,

125 2986 282 3052 decimam
304 2987 448 3069 quintam
470 2995 503 3054 et
529 2994 652 3053 sextam
674 2982 856 3072 dynastiam
879 2994 952 3054 ante
975 2995 1138 3073 pastorum

126 3131 217 3194 reges
248 3111 506 3194 constituentem,
534 3112 595 3178 hoc
622 3130 685 3177 non
715 3110 831 3177 fecisse
856 3131 897 3177 ex
919 3131 977 3178 suo
1000 3113 1137 3197 arbitrie,

125 3235 184 3302 sed
207 3235 325 3302 iontem
349 3255 451 3319 suum,
474 3257 515 3302 ex
538 3255 599 3318 quo
623 3242 655 3302 et
673 3235 743 3321 ipse
759 3241 790 3300 et
805 3235 983 3303 Scholiasta
997 3235 1138 3303 Platonis

125 3359 273 3427 hausisse
294 3359 428 3443 videtur,
452 3366 595 3426 secutum
618 3380 700 3426 esse.
741 3359 808 3427 Nec
830 3366 937 3427 tamen
959 3367 1137 3446 causaest,

125 3504 180 3550 cur
193 3483 337 3550 Africani
356 3483 461 3549 ordini
475 3483 695 3569 dynastiarum
710 3489 940 3569 anteponamus
955 3485 1137 3570 Eusebium,

179 3657 200 3725 ¹)
224 3657 306 3712 Hunc
323 3656 416 3712 locum
434 3672 518 3726 supra
535 3656 564 3711 in
577 3655 633 3712 fine
647 3656 792 3729 dynastiae
804 3659 973 3715 recensionis
985 3674 1040 3716 sec.
1053 3660 1138 3717 Euse-

124 3761 202 3820 bium
220 3763 382 3836 adjeeimus.
425 3843 427 3848 Ι

178 3870 203 3937 ¹)
225 3868 307 3931 dont
318 3865 492 3926 Boeckhium
509 3867 572 3938 l.c.,
590 3870 752 3927 Muellerum
770 3887 798 3940 p.
811 3870 872 3927 517.
884 3871 946 3929 574.
