2692 4650
591 287 751 383 41-

169 464 350 549 Aegyptum
393 460 544 529 radicitus
584 466 724 529 evertere
766 462 938 547 cupientes.
998 463 1176 531 Vocabatur

169 594 276 655 nutem
304 606 384 670 gens
410 606 519 653 corum
541 585 691 653 universa
711 586 851 672 Hycsos‚
880 587 914 654 id
937 594 986 655 est
1007 607 1100 673 reges
1121 608 1177 674 pa

170 718 281 778 stores.
313 710 385 795 Hyc
406 710 491 776 enim
514 710 547 775 in
570 730 662 776 sacra
681 710 790 794 lingua
804 730 912 793 regem
926 711 1092 797 significat,
1115 712 1176 780 Sos

169 854 244 901 uero
272 840 322 900 est
348 839 457 918 pastor
479 840 512 900 et
537 841 682 920 pastores
709 833 881 901 secundum
903 832 1074 903 dialectuin
1095 857 1177 904 oom-

168 977 311 1041 muncm,
339 963 371 1024 et
397 957 443 1022 ita
469 957 668 1042 conjunctum
695 957 731 1023 fit
752 957 888 1043 Hycsos.
932 958 1081 1026 Nonnulli
1101 982 1176 1030 vcro

168 1081 278 1147 dicunt
306 1101 362 1148 eos
384 1079 506 1149 mbos
533 1063 647 1166 fuisse,
676 1088 708 1148 ct
736 1080 769 1146 in
796 1081 859 1147 alio
887 1080 967 1148 libro
992 1103 1056 1151 non
1083 1104 1177 1170 reges

169 1205 341 1289 significari
361 1205 415 1272 illo
430 1205 558 1272 nomine
571 1205 652 1291 Hya,
675 1204 734 1271 sed
751 1212 861 1272 oonua
874 1207 1017 1292 captivos
1032 1214 1177 1292 pastores

167 1329 311 1396 indicari.
357 1329 430 1414 Hye
456 1328 542 1395 enim
572 1329 685 1395 iterum
712 1328 909 1415 Aegyptiace
943 1336 975 1397 ct
1002 1331 1074 1399 Hac
1106 1352 1178 1399 cum

167 1454 363 1538 aspiratione
391 1454 533 1540 captivos
561 1452 688 1539 proprie
716 1452 882 1536 signifieat.
931 1455 973 1519 Et
997 1454 1058 1523 hoe
1080 1457 1178 1524 multo

167 1578 370 1647 verisimilius
397 1579 477 1645 mihi
497 1578 622 1645 videtur
643 1583 676 1644 et
702 1577 852 1661 antiquae
880 1577 1032 1646 historiae
1057 1587 1177 1666 aptum.

167 1704 235 1771 Hos
257 1709 363 1770 autun
386 1709 481 1769 antea
502 1701 604 1769 dictos
626 1721 718 1787 reges
741 1708 906 1787 pastorum
927 1702 1055 1770 nomine
1070 1706 1178 1791 appel-

166 1828 248 1894 latos
277 1834 309 1894 et
340 1827 465 1894 illorum
492 1832 637 1912 posteros
663 1825 847 1911 Aegyptum·
872 1825 906 1892 in
933 1846 993 1894 sua
1020 1834 1178 1914 potestate

167 1952 318 2019 habuisse
340 1952 417 2019 dicit
439 1970 539 2018 annos
561 1949 710 2017 undecim
732 1970 829 2035 supra
852 1950 1049 2036 quingentos.
1095 1954 1177 2021 Tum

166 2097 241 2144 vcro
269 2075 388 2144 factum
416 2097 437 2141 a
459 2073 632 2141 Thebaidis
663 2081 695 2141 et
721 2073 862 2158 reliquae
884 2074 1023 2161 Aegypti
1048 2077 1177 2162 regibus

167 2201 335 2284 impetum,
357 2197 535 2282 bellumque
557 2217 707 2282 magnum
731 2203 762 2264 et
784 2196 966 2266 diuturnum
988 2200 1036 2268 eis
1054 2201 1177 2269 illatum

167 2322 276 2390 fuisse.
310 2321 375 2389 Sub
398 2343 474 2408 rege
495 2328 616 2406 aubin,
639 2321 690 2388 cui
712 2342 827 2388 nomen
850 2329 918 2391 erat
939 2323 1177 2410 Alisphragmu·

166 2446 277 2531 thosis,
298 2447 399 2513 riolos
421 2451 567 2531 pastores
589 2445 667 2512 dicit
688 2448 729 2513 ab
752 2445 806 2512 illo
829 2466 870 2513 cx
892 2447 1015 2532 reliqua
1028 2449 1175 2536 Aegypto

221 2657 242 2724 ⁷)
265 2655 329 2711 Vet.
347 2655 460 2725 interpr.
477 2655 579 2726 legisse
596 2654 707 2710 videtur
724 2657 754 2710 ἐν
771 2655 861 2716 ἄλλοις
877 2658 1060 2730 ἆνπγρᾶφοις.

219 2763 242 2831 ⁸)
265 2759 362 2817 Halia:
392 2758 458 2816 ἀλλὰ
479 2761 629 2817 τούναντίον
651 2765 768 2831 βασιλεῖς
790 2735 969 2834 αἰχμαλώτους
991 2765 1136 2831 δηλοῦσθαι
1161 2764 1177 2832 ἢ

165 2871 300 2942 ποιμένας.

218 2976 241 3043 ⁹)
264 2973 423 3043 Sequuntur
440 2971 557 3042 Josephi
575 2971 668 3028 verba.

208 3081 241 3145 ¹⁰)
262 3075 656 3148 PerperamEuseb.ctHcri1.
670 3078 716 3133 not
733 3075 791 3139 τούς
808 3081 859 3133 τῶν
870 3099 896 3134 ιι.
923 3079 986 3136 Νοο
999 3084 1176 3150 opponuntur
1208 3098 1211 3103 ·

166 3183 240 3240 enim
263 3187 288 3239 ol
309 3187 361 3238 τῶν
376 3189 509 3256 ποιμένων
525 3188 642 3253 βασιλεῖς
664 3187 694 3239 ct
716 3187 742 3238 ol
762 3187 789 3247 ἐξ
805 3185 890 3239 αὐτῶν
908 3187 1060 3258 γενόμενοι,
1083 3185 1134 3242 scd
1151 3188 1178 3242 cl

164 3291 450 3363 προκαπονομασμένοι
467 3292 496 3345 et
513 3291 539 3344 οῖ
556 3293 585 3352 ἐξ
604 3289 688 3344 αὐτῶν
705 3290 853 3362 γενόμενοι.
878 3290 995 3346 Fruin.

208 3397 242 3461 ¹¹)
265 3394 310 3450 sio
323 3394 419 3466 codd.;
437 3393 510 3450 infra
521 3394 951 3464 codd.rrncrarroronrrn;
969 3395 1176 3468 Eusebprnep.

166 3513 225 3554 eu:
244 3507 581 3567 ΜιΣψΡΑΡοΥΘΩΣιΣ,
599 3500 648 3556 ubi
665 3510 690 3556 ι’
705 3505 865 3570 corruptum
883 3518 899 3558 e
919 3511 948 3557 Τ.
977 3504 1177 3561 Bunsenius

166 3620 201 3662 ex
218 3603 297 3661 Arm.
315 3609 344 3660 ct
360 3604 480 3677 Syncell.
497 3623 526 3677 p.
540 3607 601 3663 103.
613 3607 649 3662 D.
667 3607 789 3663 restituit
806 3616 1177 3678 ΜΙΣΦΡΑΓΜΟΥΘΩΣΙΣ,

167 3720 213 3766 AA
224 3727 274 3780 pro
287 3720 324 3777 Μ,
342 3713 375 3765 ut
392 3726 483 3781 saepe.
509 3713 672 3769 Fruinius
689 3728 724 3769 cx
741 3715 860 3771 lectione
872 3714 985 3770 Eusebii
1004 3721 1033 3771 et
1049 3716 1178 3789 analogia

166 3817 285 3874 nominis
306 3827 351 3874 To
357 3823 526 3874 ΥΘΜΩΣΙΣ
540 3820 653 3891 scripsit
670 3829 846 3882 ΜΕΦΡΑΤΟ
852 3826 1020 3881 romana
