2692 4650
591 289 750 387 -ιι-

166 470 274 557 pulsos
298 486 370 536 esse
394 472 425 533 et
446 464 584 533 inclusos
607 466 640 532 in
663 466 780 551 looum,
803 464 893 551 eujus
911 464 1048 532 ambitus
1064 461 1174 529 deoem

160 594 310 680 jugerum
343 591 443 658 millia
476 591 658 657 contineret.
707 591 837 658 Avarim
866 589 936 675 ejus
970 589 1032 655 looi
1059 606 1174 654 nomen

166 718 276 784 fuisse.
329 716 422 782 Hune
449 715 598 781 Manetho
627 715 703 782 dioit
729 716 912 782 universum
940 733 1030 780 muro
1057 731 1174 795 magno

166 840 333 923 validoque
358 839 584 906 oiroumdatum
606 861 627 906 a
655 840 849 924 pastoribus,
877 844 913 905 ut
934 837 1041 904 omnia
1062 856 1122 903 sua
1143 842 1176 902 et

165 965 320 1051 praedam
341 968 442 1030 tutam
463 963 624 1031 haberent.
661 963 704 1030 At
725 960 1174 1049 Alisphragmuthoseos

167 1089 303 1153 filium
325 1087 558 1154 Thutmosin
581 1093 728 1154 conatum
750 1108 806 1154 eos
828 1087 861 1154 vi
884 1103 1081 1172 oppugnare,
1104 1104 1175 1151 oum

167 1211 394 1279 OOOOLXXX
408 1212 542 1277 millium
564 1211 726 1278 hominum
749 1211 889 1279 exercitu
909 1230 1016 1278 muros
1032 1206 1176 1276 obsiden-

166 1342 245 1420 tem3
278 1336 338 1402 sed
364 1356 436 1402 eum
465 1335 699 1421 expugnatione
727 1337 925 1422 desperaret,
959 1334 1075 1402 seoisse
1100 1319 1176 1399 ¹eum

167 1459 280 1525 foedus
287 1509 296 1543 ,
323 1465 360 1525 ut
386 1460 533 1545 Aegypto
560 1461 670 1527 relieta
697 1481 807 1528 omnes
835 1478 1033 1544 quorumque
1060 1458 1177 1524 vellent

168 1582 340 1650 incolumes
363 1584 563 1667 emigrarent.
596 1585 661 1651 Eos
676 1605 751 1651 vero
767 1583 941 1652 seeundum
963 1589 1091 1669 paetum
1105 1601 1176 1648 oum

167 1706 324 1773 universis
347 1706 478 1774 familiis
499 1714 595 1790 atque
617 1709 703 1774 omni
723 1709 928 1794 possessione
942 1707 1030 1774 haud
1051 1705 1177 1791 paucio

167 1850 219 1897 res
241 1830 352 1896 CCXL
374 1831 512 1898 milh'tus
541 1852 582 1899 ex
603 1832 750 1920 Aegypto
777 1833 812 1899 in
834 1833 959 1920 Syriam
986 1851 1044 1916 per
1072 1830 1178 1897 solitu-

168 1953 276 2020 dinem
295 1956 457 2041 profeotos
478 1976 560 2024 esse.
599 1955 692 2034 Quod
714 1963 821 2024 autem
842 1956 1045 2042 Assyriorum
1065 1952 1178 2039 prinoi-

168 2084 278 2163 patum
305 2079 454 2147 timerent
481 2075 563 2164 (tum
591 2080 677 2146 enim
704 2081 786 2147 illlos
808 2080 919 2148 Asiam
947 2073 1115 2162 tenuisse),
1144 2077 1179 2142 in

168 2207 254 2268 terra
280 2222 362 2285 quae
393 2209 478 2270 nuno
505 2202 631 2271 Judaea
659 2211 802 2291 vocatur,
836 2207 947 2272 urbem
980 2201 1178 2286 aedificasse,

169 2345 251 2408 quae
273 2332 319 2393 tot
340 2327 503 2395 hominum
524 2329 625 2396 millia
647 2337 782 2416 asperet,
805 2348 939 2413 eamque
957 2327 1179 2413 Hierosolyma

168 2446 383 2518 vorasse.“-

170 2641 337 2698 armentis
365 2645 398 2698 et
424 2638 569 2699 familiis
596 2643 754 2715 omnique
781 2660 816 2702 re
842 2660 915 2716 sua,
942 2659 1006 2701 nam
1030 2657 1178 2716 eumun-

170 2747 293 2802 mentis
311 2751 345 2802 et
363 2743 509 2814 familiis
527 2749 601 2806 idem
619 2755 662 2806 est
679 2751 754 2821 quod
771 2749 948 2826 αανοιιιεσλμ.“

222 2853 244 2921 ⁴)
268 2852 408 2923 Josephus
430 2855 544 2926 adjecit:
573 2859 602 2912 ἔν
619 2858 683 2932 ἄλλῃ
706 2860 735 2913 δέ
753 2879 805 2912 τινι
824 2863 908 2930 βίβλῳ
930 2858 981 2912 τῶν
997 2854 1179 2928 Αἰγυπτιακῶν

170 2959 307 3015 Μανεθὼν
323 2962 395 3016 τοῦτό
413 2979 477 3032 φησι
493 2961 521 3016 τὸ
539 2965 620 3022 ἔθνος
636 2964 694 3024 τούς
710 2967 887 3036 καλουμένους
902 2966 1029 3036 ποιμένας
1046 2962 1178 3035 αἰχμαλώ-

137 3098 141 3105 -
170 3083 228 3123 τοος
249 3068 278 3118 λν
294 3071 353 3126 ταῖς
374 3069 462 3141 ἱεραῖς
483 3067 569 3122 αὐτῶν
587 3069 709 3123 ἀνωτάτω
730 3071 872 3145 προγόνοις
892 3068 968 3141 ἡμῶν
985 3069 1012 3123 τ“ο
1028 3073 1180 3141 ποιμαίνειν

169 3171 281 3245 πάτριον
291 3167 331 3238 ἦν,
349 3173 396 3226 aot
411 3170 558 3246 νομαδικὸν
568 3177 668 3247 ἔχοντος
679 3171 723 3229 οὖν
733 3180 795 3246 βίον
805 3175 885 3236 οὕτως
901 3176 1039 3231 ἐκαλοῦντο
1050 3176 1179 3246 ποιμένες,

170 3279 331 3349 αλμμοὶλωιολ
353 3297 377 3332 τι
399 3280 477 3333 πάλιν
496 3280 544 3334 oda
561 3279 664 3352 ἀλόγως
680 3279 731 3336 ὑπὸ
747 3283 798 3336 τῶν
814 3286 962 3353 Adramiton
980 3282 1179 3353 ἀνεγράφησαν,

171 3382 306 3453 {nardium
330 3382 344 3437 ri
362 3385 498 3460 πρόγονος
520 3383 596 3455 ἡμῶν
609 3387 727 3454 Ἰώσηπος
749 3386 842 3443 ἑαυτὸν
857 3392 907 3458 ἔφη
927 3385 994 3463 πρδς
1010 3385 1055 3441 ιὸν
1072 3387 1180 3455 βασιλέα

170 3485 221 3538 tuin
232 3489 379 3556 Αλμοιιιίων
390 3492 555 3561 αλχμαλωτον
573 3494 650 3557 εἶναι,
668 3495 715 3547 καὶ
732 3491 790 3553 τοὺς
801 3491 933 3563 ἅδιλφοιὶς
944 3497 981 3552 εἰς
991 3492 1037 3557 τἠν
1048 3494 1180 3561 Αἴγυπτον

169 3589 278 3667 ὕπερον
288 3595 468 3664 μετεπέμψατο
478 3595 522 3650 rod
532 3599 658 3663 βασιλέως
670 3601 860 3673 ἐπιτρέψαντος.
867 3629 900 3638 -
911 3597 984 3654 Vide
997 3595 1072 3664 quod
1083 3596 1179 3651 Frui·

171 3696 248 3751 nius
266 3695 319 3752 hoo
338 3696 373 3752 de
391 3696 453 3753 loeo
470 3699 630 3769 disputavit.
654 3718 682 3771 p.
696 3704 721 3758 6.
739 3704 822 3759 anim.
834 3706 860 3759 2.

570 3940 727 3949 --—...--..
731 3944 777 3949 --.-
