2692 4650
638 302 795 398 ga*

131 530 143 573 .·
208 483 288 550 libro
309 484 365 568 τῆς
380 477 533 558 Eridane,
555 479 637 548 inter
652 500 746 564 quem
765 485 797 547 et
811 475 1030 561 Αἰγυπτιακὰ,
1052 478 1230 567 exquibus

208 607 368 692 Josephus
395 606 562 672 historiam
584 606 801 692 Hyssosorum
829 605 981 691 sumpsit,
1008 606 1090 673 hene
1112 603 1229 671 distin-

207 731 369 818 guendum
397 737 460 815 est,
490 750 593 814 neque
617 731 764 816 Synoello
792 731 873 797 fides
896 729 1044 797 habenda
1066 729 1140 814 erit,
1167 728 1230 812 qui

73 873 75 876 ’
154 929 156 935 ,
208 857 279 922 illos
301 856 398 922 libros
421 856 526 922 eidem
550 856 671 924 auotori
693 856 810 924 tribuit.
843 857 914 923 Hoo
934 856 1140 923 interamnae
1156 853 1230 921 fere

208 980 398 1052 recentiores
422 976 584 1068 eonstat¹).

681 1195 754 1274 ἐξ).

275 1359 471 1444 Argumenta
499 1356 658 1442 igiturex
686 1355 791 1441 priore
813 1352 1014 1422 Manethonis
1044 1352 1232 1424 narratione

209 1490 337 1575 sumpta
358 1483 439 1550 haee
461 1488 543 1549 eunt.

292 1608 339 1675 Ao
374 1607 510 1695 primurn
550 1605 727 1674 adversarii
763 1605 987 1674 Manethonem
1007 1603 1232 1690 'ignorantiae

134 1721 136 1724 ⁵
209 1733 425 1822 geographiae
451 1732 670 1818 Aegyptiacae
693 1751 827 1817 arguere
849 1731 974 1816 volunt,
1000 1729 1086 1814 quod
1113 1731 1230 1798 urbem

209 1858 342 1946 Λῦαριν
363 1859 399 1925 ἓν
420 1862 507 1947 νομῷ
522 1858 566 1948 τῷ
582 1859 683 1949 Σαΐτῃ
705 1858 852 1943 κειμένην
875 1851 956 1942 πρὸς
980 1850 1144 1942 ἀνατολὴν
1159 1856 1229 1925 'aeri

209 2050 279 2108 sein.
306 2049 485 2123 Wenigstens
508 2049 586 2121 gieht
608 2067 639 2107 er
661 2048 749 2107 selbst
771 2049 801 2103 in
825 2048 916 2105 seiner
933 2047 1057 2106 Vorrede
1080 2063 1116 2104 an
1133 2047 1228 2106 Ptole·

209 2173 304 2215 maeus
321 2155 519 2226 Philadelphus
539 2174 589 2228 an,
612 2157 688 2215 aeine
707 2155 811 2214 Schrift
828 2156 869 2213 sei
887 2156 950 2213 eine
967 2154 1096 2212 Antwort
1113 2153 1164 2211 auf
1179 2155 1229 2214 die

209 2281 246 2321 an
268 2263 317 2320 ihn
340 2261 493 2334 geriohtete
510 2264 600 2333 Frage
623 2264 714 2320 dieses
736 2263 846 2333 Kitnigs
869 2264 931 2338 περὶ
953 2265 1005 2317 τῶν
1027 2263 1175 2334 μελλόντων
1194 2266 1232 2336 τῷ

210 2373 301 2445 κόσμῳ
318 2377 471 2445 γίγνεσθαι.
498 2371 597 2428 hinem
615 2368 814 2426 Schriftsteller
831 2385 903 2440 nun,
922 2368 1022 2426 dassen
1035 2368 1230 2438 Hauptzweek

210 2478 432 2550 Weissagungen
456 2478 505 2536 der
525 2475 649 2534 Zukunft
671 2493 776 2547 waren,
800 2477 876 2532 kann
899 2492 962 2532 man
985 2475 1059 2532 wohl
1077 2473 1231 2548 jodenfaus

210 2585 471 2657 Ungenauigkeiten
498 2586 528 2642 in
550 2585 658 2642 Betreff
680 2584 731 2640 der
755 2582 922 2640 Gesohiohte
948 2587 1083 2640 autranen
1110 2582 1168 2638 und
1191 2600 1230 2640 zu

211 2691 285 2749 (inte
301 2691 406 2748 halten.
428 2693 511 2749 Auoh
524 2691 601 2748 iiihrt
613 2707 642 2748 er
654 2707 707 2748 uns
719 2691 808 2748 selbst
818 2689 864 2747 boi
876 2689 995 2762 Angabe
1007 2691 1098 2747 eeiner
1109 2689 1230 2758 Quellen

210 2814 266 2856 von
284 2798 347 2855 dem
360 2799 475 2857 Gabiete
493 2798 672 2856 historischer
685 2797 945 2870 Glaubwiirdigheit
956 2798 985 2852 in
996 2798 1046 2854 das
1059 2796 1108 2854 der
1120 2796 1229 2855 Fabeln

211 2907 269 2962 und
284 2905 399 2978 Mythen
416 2906 535 2962 hineiu.“
548 2937 581 2946 -
600 2906 809 2962 Knoetelius
826 2906 846 2961 l.
856 2920 890 2975 a,
910 2903 980 2962 falsa
996 2904 1228 2975 interpretatione

211 3013 266 3070 looi
289 3028 325 3069 ex
341 3011 483 3069 Herodoto
505 3015 596 3068 sumto
619 3013 732 3083 duetus,
756 3011 950 3070 Manethonem
970 3017 1066 3069 vocat:
1095 3011 1228 3070 eundum

211 3118 330 3177 fontium
354 3119 573 3190 oompilatorem,
597 3120 646 3189 qui
670 3119 795 3176 consulte
821 3137 879 3176 rem
901 3119 1012 3175 retinuit
1029 3123 1059 3175 et
1081 3117 1228 3178 intrando

211 3231 268 3282 tam
286 3224 435 3282 artificiose
453 3225 585 3282 adornata
597 3257 631 3266 -
644 3226 800 3285 necessario
817 3227 933 3283 retieere
945 3225 1050 3297 debuit,
1068 3226 1122 3282 nisi
1134 3226 1226 3296 ipsum

211 3333 330 3402 primum
353 3330 459 3388 fraudis
483 3333 655 3389 inventorem
670 3337 776 3410 putare
794 3334 885 3416 malis,n
909 3333 1047 3389 mendacii
1065 3348 1082 3388 a
1099 3333 1226 3390 eaoerdo·

211 3439 288 3496 tibus
311 3438 436 3497 consulto
456 3443 485 3495 et
505 3455 521 3495 e
539 3441 691 3509 composito
710 3439 821 3497 oonfioti
840 3440 926 3497 fuisse
944 3444 993 3495 aut
1013 3438 1086 3496 bene
1108 3456 1228 3511 gnarum

212 3550 260 3603 aut
276 3544 416 3602 hominem
439 3544 571 3603 historiae
588 3562 700 3616 prorsus
718 3548 815 3604 rudem
833 3552 862 3604 et
879 3546 1036 3618 ignorantia
1052 3547 1228 3618 antiquitatis

212 3668 322 3709 omnem
339 3653 451 3708 modum
469 3654 659 3711 excedentem!
681 3653 728 3724 (of.
740 3670 769 3725 p.
782 3655 826 3710 11.
839 3655 873 3710 12
885 3655 949 3724 aqi.
960 3685 993 3694 -

267 3761 288 3829 ¹)
311 3759 523 3817 Bunsenius:
549 3761 572 3816 1.
591 3762 656 3834 2563
686 3760 906 3819 Boeek-hiuea
920 3770 949 3833 p.
965 3761 1015 3834 133
1044 3760 1226 3817 Fruininst

212 3865 334 3939 p.XIII;
360 3868 519 3937 Lepsius:
537 3882 565 3938 p.
577 3868 640 3925 412.
