2692 4650
590 323 747 420 ---72-

163 499 360 586 portinentes
389 499 560 583 significari
588 506 719 584 possent
730 494 762 583 ¹).
807 499 877 566 Hoe
902 498 1040 566 sufficiat
1062 499 1102 567 de
1125 520 1178 565 no-

164 644 259 691 mme-

629 798 717 876 ἓῖῖ.
799 735 801 742 Ι

212 993 293 1061 Ihm
305 1014 381 1060 vero
397 993 445 1060 eis
460 992 620 1060 adsentire
636 1013 699 1058 non
713 1013 892 1077 possumus,
909 994 963 1076 qui
978 1015 1019 1059 ex
1034 993 1095 1060 hoo
1109 994 1178 1061 looo

166 1118 345 1186 Henodoteo
360 1117 487 1184 effioere
502 1118 618 1202 volunt,
641 1116 803 1202 Oheopem
818 1124 850 1185 et
864 1117 1085 1204 Ohephrenem
1100 1119 1179 1185 istos

169 1262 259 1328 reges
272 1242 410 1326 odiosos,
426 1262 490 1307 non
505 1242 585 1307 ahos
601 1241 700 1307 fuisse
716 1247 811 1324 atque
825 1248 969 1327 pastores
981 1243 1032 1308 vel
1043 1242 1178 1328 Hyosos,

166 1367 303 1450 indeque
326 1366 484 1450 suspioari
505 1386 598 1449 reges
621 1372 752 1449 quartae
775 1365 943 1451 dynastiae
964 1366 1179 1433 Manethonia-

165 1512 228 1559 nae
251 1511 322 1557 esse
344 1511 437 1575 reges
460 1497 637 1576 pastorum,
660 1490 796 1573 ideoque
819 1510 911 1574 reges
935 1513 956 1557 a
975 1497 1088 1573 quarta
1104 1491 1178 1557 inde

165 1615 316 1703 dynastia
337 1635 439 1698 usque
460 1617 503 1681 ad
526 1615 748 1681 duodecimam
771 1615 901 1682 eosdem
916 1616 1004 1700 ipsos
1020 1636 1101 1699 esse,
1124 1615 1179 1698 qui

165 1740 334 1808 adeoima
361 1739 453 1806 tertia
481 1760 583 1822 usque
606 1740 648 1805 ad
670 1740 779 1805 XVIII
801 1740 821 1804 i.
835 1761 861 1805 e.
885 1761 905 1805 a
928 1739 1055 1825 Oheope
1077 1758 1179 1822 usque

165 1864 208 1932 ad
229 1864 380 1931 Amosem
408 1864 625 1949 regnaverint,
655 1870 687 1930 et
715 1863 749 1928 in
777 1864 915 1948 spatium
943 1863 1020 1929 illud
1043 1884 1179 1930 vaouum

165 1989 360 2073 inserendos,
384 2008 480 2071 quam
502 1988 684 2074 opinionem
705 1988 884 2073 nuperrime
899 1982 1178 2073 Knoetelius²),

164 2119 338 2200 praeeunte
360 2134 438 2199 prae
461 2114 574 2180 ueteris
589 2107 799 2196 Itoethio³),
829 2112 965 2178 similem
988 2112 1177 2178 sententiam

165 2238 366 2322 defendente,
389 2238 562 2323 proposuit,
586 2256 681 2319 quam
701 2243 737 2302 ut
752 2235 924 2302 defendere
939 2238 1049 2322 possit,
1072 2238 1178 2304 Mane-

165 2363 293 2431 thonem
326 2382 470 2428 summae
504 2367 539 2428 ut
572 2368 667 2428 antea
696 2360 834 2427 vidimus
870 2361 992 2428 fraudis
1027 2383 1178 2429 ueousare

167 2494 293 2555 ooaetus
316 2492 366 2554 est
381 2481 405 2570 ).

225 2764 246 2830 ι)
268 2763 312 2818 Ex
329 2762 496 2820 Boeohhii
521 2763 659 2820 sententia
681 2765 720 2832 (p.
733 2763 796 2832 292)
820 2768 958 2832 pastores,
982 2778 1052 2834 quos
1070 2763 1178 2821 Arabes

171 2865 256 2924 fuisse
273 2867 392 2940 tradunt,
409 2886 490 2941 reges
507 2869 660 2926 Phoenices
679 2868 764 2925 fuisse
782 2869 920 2925 videntur.

221 2975 242 3044 ²)
264 2975 297 3030 In
318 2975 456 3033 dissertat.
475 2993 558 3046 supra
581 2977 679 3031 citata:
701 2977 736 3031 de
758 2977 914 3045 pastoribus
938 2975 985 3045 qui
1003 2977 1112 3046 Hyosos
1131 2994 1177 3033 vo-

168 3084 264 3138 oantur
280 3081 370 3152 deque
387 3084 500 3154 regibus
517 3082 692 3154 pyramidum
709 3081 867 3137 auctoribus
885 3081 960 3149 Lips.
974 3081 1052 3137 1856.

218 3189 241 3258 ²)
264 3189 366 3245 Gesoh.
385 3191 434 3245 der
452 3189 562 3246 abendl.
580 3188 651 3245 Phil.
670 3205 698 3258 p.
711 3189 754 3242 89.
773 3187 891 3259 not.19;
910 3203 937 3255 p.
951 3188 1005 3242 200
1017 3203 1058 3257 sq.

217 3296 240 3364 ⁴)
263 3296 324 3352 Hoo
348 3295 701 3366 loco-argumentationem
725 3295 785 3366 ejus
808 3293 963 3350 aeouratius
986 3295 1178 3352 examinares

166 3401 280 3458 oonsilio
298 3402 419 3459 alionum
437 3407 493 3472 est3
512 3418 580 3472 quas
591 3402 628 3457 ad
639 3401 792 3472 siugulares
806 3401 950 3469 opiniones
963 3404 992 3455 et
1008 3400 1178 3471 hypotheses

165 3508 328 3565 Knoetelius
350 3508 482 3564 seductus
500 3509 549 3578 sit,
574 3524 659 3564 unum
677 3524 727 3577 pro
752 3507 879 3563 omnibus
896 3508 1051 3576 exemplum
1069 3507 1177 3564 doceat.

165 3615 196 3671 P.
205 3616 239 3671 31
257 3613 328 3671 haee
346 3614 427 3669 dieii:
445 3615 525 3684 ,Rex
543 3630 625 3684 quem
643 3613 769 3670 hastulis
786 3618 819 3668 ut
836 3614 953 3669 altorum
961 3612 1095 3669 Osiridem
1113 3631 1177 3672 oon-

148 3721 364 3787 mutuavimus
381 3720 411 3774 in
428 3719 546 3776 diversis
563 3720 686 3777 fontibus
698 3723 776 3791 Χέοψ
794 3720 928 3789 (Herod),
947 3723 1054 3789 Χέμβης
1072 3723 1176 3792 (Diod.)

165 3832 291 3901 Σαῶφις,
309 3826 437 3898 Ἀνωΰφις
454 3826 552 3895 (Eat.)
571 3831 664 3899 Σῶφις
681 3829 797 3904 (tuipse)
809 3829 910 3898 Σοῦφις
927 3822 1086 3895 (Monstro),
1104 3833 1178 3879 Moo-

165 3935 231 4003 βαῆς
251 3932 359 4002 (Erat),
385 3933 539 4005 odouacrius
561 3939 674 4002 Μιαβίς,
700 3935 801 4001 Idaeus,
819 3933 908 4000 muso,
935 3935 1039 3999 Σέθως,
1057 3933 1176 3997 idione,
