2692 4650
604 297 761 390 ,2⁵—

173 472 255 541 rexit
264 471 310 540 50
321 490 432 557 onnes,
447 471 580 538 totidem
590 469 733 537 Afrieuni
744 469 854 536 Στάαν
868 475 902 537 et
911 469 1052 556 Syneelli
1062 473 1187 549 Σέθως,

172 598 254 666 Utru
275 595 412 681 seriptis,
435 594 569 680 Josephi
588 615 632 663 en
646 593 789 661 Afriooni
802 593 969 679 probanda
982 593 1034 679 sit,
1056 593 1186 663 difficile

172 727 226 790 est
247 719 347 804 dietu3
369 718 478 786 neseio
500 739 543 785 an
564 717 707 785 Afriouni
728 724 879 804 praestet

242 844 273 911 fu
293 842 440 926 Denique
450 841 586 928 Josephi
595 842 664 926 regi
680 848 807 927 sexto,
819 840 871 908 eui
881 860 998 908 nomen
1010 841 1184 920 estuare,

172 987 229 1035 rex
257 965 452 1052 respondent
480 966 568 1053 apud
589 965 788 1052 Africanum,
814 971 849 1033 ut
870 964 1004 1051 exponi
1031 987 1185 1034 annorum

170 1110 302 1169 nurnero
328 1089 505 1174 oonfieitur,
529 1089 685 1176 Ἅρχλης,
713 1088 799 1175 quod
824 1110 939 1157 nomen
965 1088 1123 1157 Eusebius
1154 1097 1186 1159 et

172 1212 351 1283 Scholiasta
361 1207 383 1299 ¹)
411 1213 481 1298 regi
510 1220 621 1296 quarto
651 1210 733 1299 (sive
755 1208 861 1297 tertio)
889 1212 1012 1298 tribuit,
1040 1218 1073 1279 et
1098 1213 1185 1299 apud

169 1337 354 1425 Syuoellum
368 1335 432 1403 duo
446 1356 540 1422 reges
552 1337 680 1423 Κὴρτως
696 1343 727 1404 et
738 1337 852 1423 Ἀσηθ
866 1357 1020 1405 annorum
1035 1337 1078 1404 29
1094 1345 1126 1404 et
1141 1339 1185 1405 20

171 1458 227 1547 (=
238 1457 307 1547 49).
352 1458 517 1538 Quomodo
546 1460 627 1528 haee
649 1460 830 1529 differentia
858 1461 1011 1529 solvenda
1036 1461 1092 1546 sit,
1120 1481 1185 1529 non

170 1585 274 1654 video.
307 1585 458 1652 Fortasse
481 1590 568 1651 reeta
590 1585 683 1652 leutio
704 1606 763 1670 pro
785 1605 861 1670 rege
874 1584 984 1661 Ἅσσις
1003 1583 1090 1670 apud
1104 1585 1183 1672 Syn-

167 1711 284 1779 oellum
305 1714 434 1777 servata
456 1715 506 1775 est
518 1708 639 1794 Ἀσηθ.
674 1709 786 1792 Neque
806 1714 914 1775 tamen
933 1729 988 1776 eos
1002 1709 1183 1795 vituperare

167 1853 340 1921 possumus
362 1832 417 1916 qui
439 1833 537 1899 etium
559 1831 620 1899 hoo
641 1831 710 1900 loeo
732 1853 849 1899 nomen
867 1853 908 1900 ex
921 1832 1064 1919 Josepho
1079 1854 1183 1900 emen·

168 1955 312 2025 dandum
340 1962 480 2024 censent.
524 1956 698 2023 Kertonem
725 1956 865 2043 Synoelli
892 1956 981 2042 apud
1007 1957 1183 2043 Josephum

167 2102 234 2148 non
261 2081 454 2166 invenimus,
487 2074 674 2164 Muellero²)
702 2080 828 2147 videtur
854 2080 940 2147 idem
966 2100 1082 2147 nomen
1110 2101 1183 2149 esse

168 2211 264 2289 atque
288 2204 424 2273 Arohles
457 2203 544 2290 apud
571 2203 770 2292 Africanum,
805 2204 891 2288 quod
923 2205 1088 2290 probabile
1118 2225 1183 2273 non

167 2328 311 2397 arbitror.

234 2452 286 2519 Ex
310 2451 376 2537 his,
406 2470 490 2535 quae
517 2457 613 2519 antea
639 2451 680 2519 do
702 2472 814 2536 regum
835 2453 1052 2539 Hyososorum
1074 2458 1106 2519 et
1128 2473 1182 2520 no

169 2575 307 2642 minibus
335 2581 367 2642 et
392 2575 485 2643 unnis
508 2583 540 2644 et
562 2576 673 2645 ordine
695 2577 916 2662 exposuimus,
944 2576 1094 2661 sequitur,
1116 2577 1137 2644 J
1143 2596 1181 2643 o-

171 2697 287 2782 sephi
318 2699 604 2785 recensionem,
638 2699 788 2769 duobus
822 2701 886 2769 uel
918 2701 1046 2768 tribus
1080 2700 1180 2769 loeis

172 2820 366 2906 exeeptis,
397 2824 463 2891 ubi
497 2845 630 2909 rogum
662 2825 819 2893 nomina
850 2824 1024 2893 fortusse
1055 2845 1180 2893 emen·

167 2943 516 3034 dundnvidentur,
538 2949 719 3018 omnibus
740 2950 838 3018 aliis
860 2949 1179 3036 anteponendum

166 3089 269 3137 esse.

629 3266 650 3344 ἓ
665 3266 718 3332 21.

231 3439 323 3551 Idem
340 3461 381 3509 ex
396 3448 505 3509 nostra
520 3441 678 3510 sententie
692 3441 865 3510 tenendum
880 3449 942 3528 est,
957 3442 1044 3528 quod
1057 3442 1100 3510 ad
1116 3443 1178 3512 dis-
1254 3494 1263 3507 .

164 3585 295 3633 sensum
323 3563 451 3650 attinet,
481 3566 536 3650 qui
558 3565 707 3634 Afrioano
741 3586 813 3633 oum
835 3567 975 3654 Josepho
1003 3568 1178 3655 intersedit,

163 3684 379 3694 -——-———

220 3740 241 3806 ι)
265 3738 321 3795 Vix
342 3736 509 3793 monendum
527 3743 571 3795 est
588 3755 689 3797 nomen
702 3742 830 3815 Ἀρχάρης
847 3740 922 3810 apud
939 3738 1032 3798 Sehol.
1048 3741 1129 3812 lapsu
1146 3742 1177 3797 li·

162 3843 249 3901 brarii
266 3859 302 3899 ex
314 3844 421 3920 Ἀρχλης
439 3849 598 3915 surruptum
616 3862 687 3905 esse.

218 3950 242 4020 ²)
263 3963 292 4019 p.
304 3947 366 4005 571.
