<?xml version="1.0" encoding="UTF-8"?>
<!DOCTYPE html PUBLIC "-//W3C//DTD XHTML 1.0 Transitional//EN"
    "http://www.w3.org/TR/xhtml1/DTD/xhtml1-transitional.dtd">
<html xmlns="http://www.w3.org/1999/xhtml" xml:lang="en" lang="en">
 <head>
  <title>
</title>
<meta http-equiv="Content-Type" content="text/html;charset=utf-8" />
  <meta name='ocr-system' content='tesseract 3.04.00' />
  <meta name='ocr-capabilities' content='ocr_page ocr_carea ocr_par ocr_line ocrx_word'/>
</head>
<body>
  <div class='ocr_page' id='page_1' title='image "./defontibusexqui00schugoog_0042.png"; bbox 0 0 2692 4650; ppageno 0'>
   <div class='ocr_carea' id='block_1_1' title="bbox 557 265 713 362">
    <p class='ocr_par' dir='ltr' id='par_1_1' title="bbox 557 265 713 362">
     <span class='ocr_line' id='line_1_1' title="bbox 557 265 713 362; baseline 0 -34"><span class='ocrx_word' id='word_1_1' title='bbox 557 265 713 362; x_wconf 35' lang='lat' dir='ltr'>gu*</span> 
     </span>
    </p>
   </div>
   <div class='ocr_carea' id='block_1_2' title="bbox 118 440 1138 2152">
    <p class='ocr_par' dir='ltr' id='par_1_2' title="bbox 118 440 1138 2152">
     <span class='ocr_line' id='line_1_2' title="bbox 124 440 1138 530; baseline -0.005 -15"><span class='ocrx_word' id='word_1_2' title='bbox 124 454 235 516; x_wconf 83' lang='lat' dir='ltr'>natura</span> <span class='ocrx_word' id='word_1_3' title='bbox 257 454 354 530; x_wconf 82' lang='lat' dir='ltr'>atque</span> <span class='ocrx_word' id='word_1_4' title='bbox 377 448 571 529; x_wconf 84' lang='lat' dir='ltr'>argumento,</span> <span class='ocrx_word' id='word_1_5' title='bbox 594 448 750 525; x_wconf 84' lang='lat' dir='ltr'>quatenns</span> <span class='ocrx_word' id='word_1_6' title='bbox 773 440 815 509; x_wconf 87' lang='lat' dir='ltr'>de</span> <span class='ocrx_word' id='word_1_7' title='bbox 833 462 871 509; x_wconf 88' lang='lat' dir='ltr'>eo</span> <span class='ocrx_word' id='word_1_8' title='bbox 887 441 1063 510; x_wconf 88' lang='lat' dir='ltr'>secundum</span> <span class='ocrx_word' id='word_1_9' title='bbox 1077 442 1138 511; x_wconf 83' lang='lat' dir='ltr'>fra·</span> 
     </span>
     <span class='ocr_line' id='line_1_3' title="bbox 121 566 1138 659; baseline -0.004 -20"><span class='ocrx_word' id='word_1_10' title='bbox 121 579 253 659; x_wconf 80' lang='lat' dir='ltr'>gmenta</span> <span class='ocrx_word' id='word_1_11' title='bbox 274 592 296 637; x_wconf 88' lang='lat' dir='ltr'>a</span> <span class='ocrx_word' id='word_1_12' title='bbox 316 567 457 654; x_wconf 86' lang='lat' dir='ltr'>Josepho</span> <span class='ocrx_word' id='word_1_13' title='bbox 479 573 607 634; x_wconf 87' lang='lat' dir='ltr'>servata</span> <span class='ocrx_word' id='word_1_14' title='bbox 628 566 764 653; x_wconf 84' lang='lat' dir='ltr'>judicari</span> <span class='ocrx_word' id='word_1_15' title='bbox 786 573 900 654; x_wconf 84' lang='lat' dir='ltr'>potest,</span> <span class='ocrx_word' id='word_1_16' title='bbox 925 568 1017 634; x_wconf 90' lang='lat' dir='ltr'>nobis</span> <span class='ocrx_word' id='word_1_17' title='bbox 1040 568 1138 636; x_wconf 92' lang='lat' dir='ltr'>multo</span> 
     </span>
     <span class='ocr_line' id='line_1_4' title="bbox 121 691 1138 784; baseline -0.003 -22"><span class='ocrx_word' id='word_1_18' title='bbox 121 695 316 784; x_wconf 79' lang='lat' dir='ltr'><strong>probabilius</strong></span> <span class='ocrx_word' id='word_1_19' title='bbox 345 693 484 777; x_wconf 87' lang='lat' dir='ltr'>videtur,</span> <span class='ocrx_word' id='word_1_20' title='bbox 512 691 615 759; x_wconf 89' lang='lat' dir='ltr'>hano</span> <span class='ocrx_word' id='word_1_21' title='bbox 644 691 888 760; x_wconf 84' lang='lat' dir='ltr'>divisionem</span> <span class='ocrx_word' id='word_1_22' title='bbox 909 692 1138 761; x_wconf 88' lang='lat' dir='ltr'>Manethoni</span> 
     </span>
     <span class='ocr_line' id='line_1_5' title="bbox 123 817 1137 905; baseline -0.004 -17"><span class='ocrx_word' id='word_1_23' title='bbox 123 819 369 905; x_wconf 86' lang='lat' dir='ltr'>abjudicare.</span> <span class='ocrx_word' id='word_1_24' title='bbox 391 817 538 901; x_wconf 85' lang='lat' dir='ltr'>Denique</span> <span class='ocrx_word' id='word_1_25' title='bbox 554 817 694 884; x_wconf 88' lang='lat' dir='ltr'>alienum</span> <span class='ocrx_word' id='word_1_26' title='bbox 705 834 831 901; x_wconf 87' lang='lat' dir='ltr'>quoque</span> <span class='ocrx_word' id='word_1_27' title='bbox 846 839 867 884; x_wconf 92' lang='lat' dir='ltr'>a</span> <span class='ocrx_word' id='word_1_28' title='bbox 882 817 1013 884; x_wconf 86' lang='lat' dir='ltr'>oonsilio</span> <span class='ocrx_word' id='word_1_29' title='bbox 1029 823 1137 885; x_wconf 89' lang='lat' dir='ltr'>nostro</span> 
     </span>
     <span class='ocr_line' id='line_1_6' title="bbox 123 941 1137 1029; baseline -0.002 -18"><span class='ocrx_word' id='word_1_30' title='bbox 123 964 304 1029; x_wconf 79' lang='lat' dir='ltr'>censemus,</span> <span class='ocrx_word' id='word_1_31' title='bbox 332 941 392 1009; x_wconf 81' lang='lat' dir='ltr'>has</span> <span class='ocrx_word' id='word_1_32' title='bbox 419 961 530 1026; x_wconf 82' lang='lat' dir='ltr'>regum</span> <span class='ocrx_word' id='word_1_33' title='bbox 559 941 727 1028; x_wconf 76' lang='lat' dir='ltr'>dynastiae</span> <span class='ocrx_word' id='word_1_34' title='bbox 754 943 787 1007; x_wconf 92' lang='lat' dir='ltr'>in</span> <span class='ocrx_word' id='word_1_35' title='bbox 810 941 967 1028; x_wconf 82' lang='lat' dir='ltr'>judicium</span> <span class='ocrx_word' id='word_1_36' title='bbox 995 948 1137 1010; x_wconf 81' lang='lat' dir='ltr'>nostrum</span> 
     </span>
     <span class='ocr_line' id='line_1_7' title="bbox 121 1059 1136 1153; baseline 0 -18"><span class='ocrx_word' id='word_1_37' title='bbox 121 1069 247 1136; x_wconf 86' lang='lat' dir='ltr'>trahere</span> <span class='ocrx_word' id='word_1_38' title='bbox 269 1068 309 1134; x_wconf 91' lang='lat' dir='ltr'>de</span> <span class='ocrx_word' id='word_1_39' title='bbox 330 1059 502 1150; x_wconf 81' lang='lat' dir='ltr'>earumque</span> <span class='ocrx_word' id='word_1_40' title='bbox 517 1066 658 1150; x_wconf 83' lang='lat' dir='ltr'>veritate,</span> <span class='ocrx_word' id='word_1_41' title='bbox 681 1066 754 1151; x_wconf 89' lang='lat' dir='ltr'>fide,</span> <span class='ocrx_word' id='word_1_42' title='bbox 777 1067 963 1134; x_wconf 85' lang='lat' dir='ltr'>auctoritate</span> <span class='ocrx_word' id='word_1_43' title='bbox 979 1066 1136 1153; x_wconf 84' lang='lat' dir='ltr'>judicare,</span> 
     </span>
     <span class='ocr_line' id='line_1_8' title="bbox 123 1189 1137 1279; baseline -0.001 -19"><span class='ocrx_word' id='word_1_44' title='bbox 123 1215 193 1260; x_wconf 87' lang='lat' dir='ltr'>oum</span> <span class='ocrx_word' id='word_1_45' title='bbox 220 1192 263 1260; x_wconf 90' lang='lat' dir='ltr'>ad</span> <span class='ocrx_word' id='word_1_46' title='bbox 289 1199 355 1259; x_wconf 88' lang='lat' dir='ltr'>tres</span> <span class='ocrx_word' id='word_1_47' title='bbox 384 1197 508 1257; x_wconf 86' lang='lat' dir='ltr'>tantum</span> <span class='ocrx_word' id='word_1_48' title='bbox 536 1189 719 1277; x_wconf 75' lang='lat' dir='ltr'>dynastiae,</span> <span class='ocrx_word' id='word_1_49' title='bbox 747 1210 830 1275; x_wconf 87' lang='lat' dir='ltr'>qnae</span> <span class='ocrx_word' id='word_1_50' title='bbox 857 1191 898 1258; x_wconf 86' lang='lat' dir='ltr'>de</span> <span class='ocrx_word' id='word_1_51' title='bbox 920 1193 1137 1279; x_wconf 88' lang='lat' dir='ltr'>Hyososorum</span> 
     </span>
     <span class='ocr_line' id='line_1_9' title="bbox 120 1314 1137 1402; baseline -0.002 -17"><span class='ocrx_word' id='word_1_52' title='bbox 120 1338 217 1402; x_wconf 84' lang='lat' dir='ltr'>regno</span> <span class='ocrx_word' id='word_1_53' title='bbox 240 1322 348 1402; x_wconf 79' lang='lat' dir='ltr'>agunt,</span> <span class='ocrx_word' id='word_1_54' title='bbox 371 1316 451 1382; x_wconf 90' lang='lat' dir='ltr'>ratio</span> <span class='ocrx_word' id='word_1_55' title='bbox 474 1315 566 1382; x_wconf 90' lang='lat' dir='ltr'>nobis</span> <span class='ocrx_word' id='word_1_56' title='bbox 589 1314 739 1382; x_wconf 88' lang='lat' dir='ltr'>habenda</span> <span class='ocrx_word' id='word_1_57' title='bbox 760 1316 811 1382; x_wconf 90' lang='lat' dir='ltr'>sit.</span> <span class='ocrx_word' id='word_1_58' title='bbox 851 1316 1048 1383; x_wconf 84' lang='lat' dir='ltr'>Exstitemnt</span> <span class='ocrx_word' id='word_1_59' title='bbox 1070 1317 1137 1401; x_wconf 90' lang='lat' dir='ltr'>qui·</span> 
     </span>
     <span class='ocr_line' id='line_1_10' title="bbox 120 1440 1137 1526; baseline 0.002 -19"><span class='ocrx_word' id='word_1_60' title='bbox 120 1441 195 1509; x_wconf 92' lang='lat' dir='ltr'>dem</span> <span class='ocrx_word' id='word_1_61' title='bbox 231 1441 312 1508; x_wconf 86' lang='lat' dir='ltr'>inter</span> <span class='ocrx_word' id='word_1_62' title='bbox 340 1461 398 1508; x_wconf 93' lang='lat' dir='ltr'>nos</span> <span class='ocrx_word' id='word_1_63' title='bbox 433 1440 576 1508; x_wconf 88' lang='lat' dir='ltr'>nonnulli</span> <span class='ocrx_word' id='word_1_64' title='bbox 604 1440 678 1525; x_wconf 89' lang='lat' dir='ltr'>viri,</span> <span class='ocrx_word' id='word_1_65' title='bbox 713 1440 769 1524; x_wconf 90' lang='lat' dir='ltr'>qui</span> <span class='ocrx_word' id='word_1_66' title='bbox 796 1441 868 1508; x_wconf 88' lang='lat' dir='ltr'>illas</span> <span class='ocrx_word' id='word_1_67' title='bbox 896 1461 1007 1526; x_wconf 83' lang='lat' dir='ltr'>regum</span> <span class='ocrx_word' id='word_1_68' title='bbox 1036 1441 1137 1509; x_wconf 86' lang='lat' dir='ltr'>series</span> 
     </span>
     <span class='ocr_line' id='line_1_11' title="bbox 121 1564 1136 1650; baseline -0.001 -16"><span class='ocrx_word' id='word_1_69' title='bbox 121 1586 245 1634; x_wconf 90' lang='lat' dir='ltr'>summa</span> <span class='ocrx_word' id='word_1_70' title='bbox 265 1565 330 1632; x_wconf 86' lang='lat' dir='ltr'>fide</span> <span class='ocrx_word' id='word_1_71' title='bbox 353 1564 469 1649; x_wconf 73' lang='lat' dir='ltr'>dignas</span> <span class='ocrx_word' id='word_1_72' title='bbox 492 1571 675 1650; x_wconf 71' lang='lat' dir='ltr'>statuerent,</span> <span class='ocrx_word' id='word_1_73' title='bbox 698 1565 793 1649; x_wconf 89' lang='lat' dir='ltr'>eique</span> <span class='ocrx_word' id='word_1_74' title='bbox 806 1565 867 1632; x_wconf 87' lang='lat' dir='ltr'>viri</span> <span class='ocrx_word' id='word_1_75' title='bbox 887 1565 1060 1633; x_wconf 79' lang='lat' dir='ltr'><strong>admodum</strong></span> <span class='ocrx_word' id='word_1_76' title='bbox 1074 1566 1136 1634; x_wconf 84' lang='lat' dir='ltr'>hac</span> 
     </span>
     <span class='ocr_line' id='line_1_12' title="bbox 119 1688 1135 1775; baseline 0.002 -18"><span class='ocrx_word' id='word_1_77' title='bbox 119 1691 153 1757; x_wconf 90' lang='lat' dir='ltr'>in</span> <span class='ocrx_word' id='word_1_78' title='bbox 180 1690 364 1759; x_wconf 80' lang='lat' dir='ltr'>reversati</span> <span class='ocrx_word' id='word_1_79' title='bbox 409 1688 475 1757; x_wconf 81' lang='lat' dir='ltr'>sed</span> <span class='ocrx_word' id='word_1_80' title='bbox 503 1689 554 1757; x_wconf 93' lang='lat' dir='ltr'>his</span> <span class='ocrx_word' id='word_1_81' title='bbox 582 1690 750 1774; x_wconf 83' lang='lat' dir='ltr'>quominus</span> <span class='ocrx_word' id='word_1_82' title='bbox 773 1690 806 1756; x_wconf 90' lang='lat' dir='ltr'>in</span> <span class='ocrx_word' id='word_1_83' title='bbox 829 1691 974 1758; x_wconf 91' lang='lat' dir='ltr'>omnibus</span> <span class='ocrx_word' id='word_1_84' title='bbox 998 1711 1078 1775; x_wconf 88' lang='lat' dir='ltr'>quas</span> <span class='ocrx_word' id='word_1_85' title='bbox 1101 1691 1135 1759; x_wconf 93' lang='lat' dir='ltr'>in</span> 
     </span>
     <span class='ocr_line' id='line_1_13' title="bbox 118 1813 1134 1901; baseline 0.003 -20"><span class='ocrx_word' id='word_1_86' title='bbox 118 1816 224 1882; x_wconf 90' lang='lat' dir='ltr'>medio</span> <span class='ocrx_word' id='word_1_87' title='bbox 246 1821 479 1901; x_wconf 87' lang='lat' dir='ltr'>proposuerunt</span> <span class='ocrx_word' id='word_1_88' title='bbox 501 1814 667 1882; x_wconf 75' lang='lat' dir='ltr'>sententiis</span> <span class='ocrx_word' id='word_1_89' title='bbox 690 1813 931 1900; x_wconf 84' lang='lat' dir='ltr'>accederemus,</span> <span class='ocrx_word' id='word_1_90' title='bbox 955 1816 1054 1884; x_wconf 85' lang='lat' dir='ltr'>multa</span> <span class='ocrx_word' id='word_1_91' title='bbox 1075 1837 1134 1884; x_wconf 91' lang='lat' dir='ltr'>nos</span> 
     </span>
     <span class='ocr_line' id='line_1_14' title="bbox 119 1935 1134 2028; baseline -0.001 -20"><span class='ocrx_word' id='word_1_92' title='bbox 119 1935 315 2025; x_wconf 81' lang='lat' dir='ltr'>argumenta,</span> <span class='ocrx_word' id='word_1_93' title='bbox 338 1959 421 2025; x_wconf 85' lang='lat' dir='ltr'>quae</span> <span class='ocrx_word' id='word_1_94' title='bbox 442 1939 504 2007; x_wconf 89' lang='lat' dir='ltr'>hoo</span> <span class='ocrx_word' id='word_1_95' title='bbox 524 1940 594 2008; x_wconf 86' lang='lat' dir='ltr'>loco</span> <span class='ocrx_word' id='word_1_96' title='bbox 617 1959 776 2026; x_wconf 86' lang='lat' dir='ltr'>exponere</span> <span class='ocrx_word' id='word_1_97' title='bbox 797 1960 861 2007; x_wconf 90' lang='lat' dir='ltr'>non</span> <span class='ocrx_word' id='word_1_98' title='bbox 875 1961 1055 2028; x_wconf 89' lang='lat' dir='ltr'>possumus,</span> <span class='ocrx_word' id='word_1_99' title='bbox 1078 1942 1134 2007; x_wconf 94' lang='lat' dir='ltr'>im-</span> 
     </span>
     <span class='ocr_line' id='line_1_15' title="bbox 118 2064 317 2152; baseline -0.01 -20"><span class='ocrx_word' id='word_1_100' title='bbox 118 2064 317 2152; x_wconf 85' lang='lat' dir='ltr'>pediverunt.</span> 
     </span>
    </p>
   </div>
   <div class='ocr_carea' id='block_1_3' title="bbox 583 2362 696 2444">
    <p class='ocr_par' dir='ltr' id='par_1_3' title="bbox 583 2362 696 2444">
     <span class='ocr_line' id='line_1_16' title="bbox 583 2362 696 2444; baseline 0.009 -14"><span class='ocrx_word' id='word_1_101' title='bbox 583 2362 696 2444; x_wconf 55' lang='lat' dir='ltr'>§13ss</span> 
     </span>
    </p>
   </div>
   <div class='ocr_carea' id='block_1_4' title="bbox 114 2559 1133 3879">
    <p class='ocr_par' dir='ltr' id='par_1_4' title="bbox 114 2559 1133 3879">
     <span class='ocr_line' id='line_1_17' title="bbox 186 2559 1132 2647; baseline -0.002 -17"><span class='ocrx_word' id='word_1_102' title='bbox 186 2563 333 2630; x_wconf 82' lang='lat' dir='ltr'>Ceterum</span> <span class='ocrx_word' id='word_1_103' title='bbox 363 2560 450 2647; x_wconf 86' lang='lat' dir='ltr'>quod</span> <span class='ocrx_word' id='word_1_104' title='bbox 483 2560 529 2628; x_wconf 86' lang='lat' dir='ltr'>de</span> <span class='ocrx_word' id='word_1_105' title='bbox 557 2559 740 2627; x_wconf 86' lang='lat' dir='ltr'>Africani</span> <span class='ocrx_word' id='word_1_106' title='bbox 773 2561 859 2629; x_wconf 88' lang='lat' dir='ltr'>fide</span> <span class='ocrx_word' id='word_1_107' title='bbox 889 2561 922 2627; x_wconf 90' lang='lat' dir='ltr'>in</span> <span class='ocrx_word' id='word_1_108' title='bbox 951 2581 1047 2647; x_wconf 89' lang='lat' dir='ltr'>opere</span> <span class='ocrx_word' id='word_1_109' title='bbox 1075 2582 1132 2628; x_wconf 92' lang='lat' dir='ltr'>suo</span> 
     </span>
     <span class='ocr_line' id='line_1_18' title="bbox 119 2684 1133 2774; baseline -0.004 -18"><span class='ocrx_word' id='word_1_110' title='bbox 119 2686 336 2774; x_wconf 88' lang='lat' dir='ltr'>componendo</span> <span class='ocrx_word' id='word_1_111' title='bbox 364 2686 491 2772; x_wconf 81' lang='lat' dir='ltr'>attinet,</span> <span class='ocrx_word' id='word_1_112' title='bbox 519 2684 599 2752; x_wconf 89' lang='lat' dir='ltr'>nihil</span> <span class='ocrx_word' id='word_1_113' title='bbox 626 2685 668 2754; x_wconf 90' lang='lat' dir='ltr'>de</span> <span class='ocrx_word' id='word_1_114' title='bbox 697 2707 736 2753; x_wconf 88' lang='lat' dir='ltr'>ea</span> <span class='ocrx_word' id='word_1_115' title='bbox 765 2686 974 2753; x_wconf 88' lang='lat' dir='ltr'>dubitandum</span> <span class='ocrx_word' id='word_1_116' title='bbox 1003 2693 1066 2772; x_wconf 87' lang='lat' dir='ltr'>est;</span> <span class='ocrx_word' id='word_1_117' title='bbox 1101 2693 1133 2753; x_wconf 88' lang='lat' dir='ltr'>et</span> 
     </span>
     <span class='ocr_line' id='line_1_19' title="bbox 118 2810 1132 2898; baseline 0 -20"><span class='ocrx_word' id='word_1_118' title='bbox 118 2813 178 2880; x_wconf 92' lang='lat' dir='ltr'>hoc</span> <span class='ocrx_word' id='word_1_119' title='bbox 200 2811 333 2878; x_wconf 84' lang='lat' dir='ltr'>forsitan</span> <span class='ocrx_word' id='word_1_120' title='bbox 355 2811 555 2898; x_wconf 90' lang='lat' dir='ltr'>monendum,</span> <span class='ocrx_word' id='word_1_121' title='bbox 578 2811 802 2879; x_wconf 87' lang='lat' dir='ltr'>Manethonem</span> <span class='ocrx_word' id='word_1_122' title='bbox 824 2813 906 2879; x_wconf 89' lang='lat' dir='ltr'>siout</span> <span class='ocrx_word' id='word_1_123' title='bbox 928 2831 969 2878; x_wconf 87' lang='lat' dir='ltr'>ex</span> <span class='ocrx_word' id='word_1_124' title='bbox 990 2810 1132 2898; x_wconf 86' lang='lat' dir='ltr'>Josepho</span> 
     </span>
     <span class='ocr_line' id='line_1_20' title="bbox 116 2935 1131 3022; baseline -0.003 -17"><span class='ocrx_word' id='word_1_125' title='bbox 116 2938 271 3021; x_wconf 85' lang='lat' dir='ltr'>videmus,</span> <span class='ocrx_word' id='word_1_126' title='bbox 294 2936 338 3003; x_wconf 86' lang='lat' dir='ltr'>ad</span> <span class='ocrx_word' id='word_1_127' title='bbox 359 2956 453 3021; x_wconf 85' lang='lat' dir='ltr'>reges</span> <span class='ocrx_word' id='word_1_128' title='bbox 476 2937 620 3022; x_wconf 81' lang='lat' dir='ltr'>singulos</span> <span class='ocrx_word' id='word_1_129' title='bbox 635 2958 699 3005; x_wconf 89' lang='lat' dir='ltr'>non</span> <span class='ocrx_word' id='word_1_130' title='bbox 717 2957 818 3004; x_wconf 90' lang='lat' dir='ltr'>annos</span> <span class='ocrx_word' id='word_1_131' title='bbox 834 2937 937 3021; x_wconf 89' lang='lat' dir='ltr'>modo,</span> <span class='ocrx_word' id='word_1_132' title='bbox 961 2935 1131 3003; x_wconf 88' lang='lat' dir='ltr'>sedetiam</span> 
     </span>
     <span class='ocr_line' id='line_1_21' title="bbox 118 3061 1132 3149; baseline -0.002 -20"><span class='ocrx_word' id='word_1_133' title='bbox 118 3083 159 3129; x_wconf 86' lang='lat' dir='ltr'>ex</span> <span class='ocrx_word' id='word_1_134' title='bbox 179 3061 409 3149; x_wconf 83' lang='lat' dir='ltr'>Aegyptiorum</span> <span class='ocrx_word' id='word_1_135' title='bbox 437 3081 524 3128; x_wconf 90' lang='lat' dir='ltr'>more</span> <span class='ocrx_word' id='word_1_136' title='bbox 550 3081 677 3129; x_wconf 89' lang='lat' dir='ltr'>menses</span> <span class='ocrx_word' id='word_1_137' title='bbox 701 3068 733 3129; x_wconf 91' lang='lat' dir='ltr'>et</span> <span class='ocrx_word' id='word_1_138' title='bbox 754 3061 824 3128; x_wconf 89' lang='lat' dir='ltr'>dies</span> <span class='ocrx_word' id='word_1_139' title='bbox 848 3061 1022 3148; x_wconf 81' lang='lat' dir='ltr'>adjecisse3</span> <span class='ocrx_word' id='word_1_140' title='bbox 1050 3061 1132 3127; x_wconf 83' lang='lat' dir='ltr'>Airi-</span> 
     </span>
     <span class='ocr_line' id='line_1_22' title="bbox 116 3185 1131 3273; baseline -0.002 -20"><span class='ocrx_word' id='word_1_141' title='bbox 116 3208 230 3254; x_wconf 88' lang='lat' dir='ltr'>canum</span> <span class='ocrx_word' id='word_1_142' title='bbox 253 3206 328 3254; x_wconf 87' lang='lat' dir='ltr'>vero</span> <span class='ocrx_word' id='word_1_143' title='bbox 349 3185 477 3253; x_wconf 91' lang='lat' dir='ltr'>nonnisi</span> <span class='ocrx_word' id='word_1_144' title='bbox 499 3206 600 3253; x_wconf 83' lang='lat' dir='ltr'>annos</span> <span class='ocrx_word' id='word_1_145' title='bbox 623 3187 777 3273; x_wconf 80' lang='lat' dir='ltr'>integros,</span> <span class='ocrx_word' id='word_1_146' title='bbox 806 3185 968 3253; x_wconf 88' lang='lat' dir='ltr'>mensibus</span> <span class='ocrx_word' id='word_1_147' title='bbox 992 3185 1131 3271; x_wconf 77' lang='lat' dir='ltr'>minutis,</span> 
     </span>
     <span class='ocr_line' id='line_1_23' title="bbox 116 3296 1131 3398; baseline -0.001 -20"><span class='ocrx_word' id='word_1_148' title='bbox 116 3296 297 3379; x_wconf 75' lang='lat' dir='ltr'>tradidisse.</span> <span class='ocrx_word' id='word_1_149' title='bbox 341 3311 412 3377; x_wconf 84' lang='lat' dir='ltr'>Hoc</span> <span class='ocrx_word' id='word_1_150' title='bbox 439 3310 581 3378; x_wconf 78' lang='lat' dir='ltr'>Africani</span> <span class='ocrx_word' id='word_1_151' title='bbox 610 3331 691 3398; x_wconf 90' lang='lat' dir='ltr'>opus</span> <span class='ocrx_word' id='word_1_152' title='bbox 719 3311 846 3380; x_wconf 87' lang='lat' dir='ltr'>interiit.</span> <span class='ocrx_word' id='word_1_153' title='bbox 894 3310 986 3378; x_wconf 88' lang='lat' dir='ltr'>Idem</span> <span class='ocrx_word' id='word_1_154' title='bbox 1014 3309 1131 3377; x_wconf 86' lang='lat' dir='ltr'>accidit</span> 
     </span>
     <span class='ocr_line' id='line_1_24' title="bbox 116 3435 1130 3523; baseline -0.004 -19"><span class='ocrx_word' id='word_1_155' title='bbox 116 3435 283 3504; x_wconf 81' lang='lat' dir='ltr'>Eusebii</span> <span class='ocrx_word' id='word_1_156' title='bbox 309 3435 510 3523; x_wconf 81' lang='lat' dir='ltr'>Pamphili</span> <span class='ocrx_word' id='word_1_157' title='bbox 544 3435 693 3522; x_wconf 84' lang='lat' dir='ltr'>operibus</span> <span class='ocrx_word' id='word_1_158' title='bbox 730 3436 973 3522; x_wconf 78' lang='lat' dir='ltr'>chronologicis,</span> <span class='ocrx_word' id='word_1_159' title='bbox 1009 3435 1064 3519; x_wconf 90' lang='lat' dir='ltr'>qui</span> <span class='ocrx_word' id='word_1_160' title='bbox 1096 3435 1130 3501; x_wconf 89' lang='lat' dir='ltr'>in</span> 
     </span>
     <span class='ocr_line' id='line_1_25' title="bbox 115 3560 1130 3646; baseline -0.001 -19"><span class='ocrx_word' id='word_1_161' title='bbox 115 3560 342 3629; x_wconf 69' lang='lat' dir='ltr'>chronieorum</span> <span class='ocrx_word' id='word_1_162' title='bbox 368 3562 449 3628; x_wconf 91' lang='lat' dir='ltr'>libro</span> <span class='ocrx_word' id='word_1_163' title='bbox 478 3560 581 3645; x_wconf 91' lang='lat' dir='ltr'>primo</span> <span class='ocrx_word' id='word_1_164' title='bbox 604 3580 729 3646; x_wconf 90' lang='lat' dir='ltr'>omnes,</span> <span class='ocrx_word' id='word_1_165' title='bbox 759 3568 791 3628; x_wconf 88' lang='lat' dir='ltr'>et</span> <span class='ocrx_word' id='word_1_166' title='bbox 813 3562 847 3627; x_wconf 89' lang='lat' dir='ltr'>in</span> <span class='ocrx_word' id='word_1_167' title='bbox 869 3560 1008 3629; x_wconf 87' lang='lat' dir='ltr'>secundo</span> <span class='ocrx_word' id='word_1_168' title='bbox 1031 3560 1130 3646; x_wconf 88' lang='lat' dir='ltr'>dyna-</span> 
     </span>
     <span class='ocr_line' id='line_1_26' title="bbox 117 3656 1130 3754; baseline 0.001 -3"><span class='ocrx_word' id='word_1_169' title='bbox 117 3685 194 3753; x_wconf 87' lang='lat' dir='ltr'>stias</span> <span class='ocrx_word' id='word_1_170' title='bbox 222 3686 298 3754; x_wconf 89' lang='lat' dir='ltr'>inde</span> <span class='ocrx_word' id='word_1_171' title='bbox 327 3707 348 3752; x_wconf 90' lang='lat' dir='ltr'>a</span> <span class='ocrx_word' id='word_1_172' title='bbox 377 3685 502 3752; x_wconf 84' lang='lat' dir='ltr'>decima</span> <span class='ocrx_word' id='word_1_173' title='bbox 529 3691 621 3751; x_wconf 84' lang='lat' dir='ltr'>sexta</span> <span class='ocrx_word' id='word_1_174' title='bbox 648 3656 815 3754; x_wconf 79' lang='lat' dir='ltr'>recensuit.</span> <span class='ocrx_word' id='word_1_175' title='bbox 866 3685 1019 3753; x_wconf 86' lang='lat' dir='ltr'>Novimus</span> <span class='ocrx_word' id='word_1_176' title='bbox 1046 3685 1130 3752; x_wconf 90' lang='lat' dir='ltr'>hanc</span> 
     </span>
     <span class='ocr_line' id='line_1_27' title="bbox 114 3809 1128 3879; baseline -0.001 -2"><span class='ocrx_word' id='word_1_177' title='bbox 114 3812 334 3879; x_wconf 82' lang='lat' dir='ltr'>recensionem</span> <span class='ocrx_word' id='word_1_178' title='bbox 356 3830 397 3876; x_wconf 84' lang='lat' dir='ltr'>ex</span> <span class='ocrx_word' id='word_1_179' title='bbox 418 3809 565 3875; x_wconf 86' lang='lat' dir='ltr'>versione</span> <span class='ocrx_word' id='word_1_180' title='bbox 579 3809 712 3877; x_wconf 82' lang='lat' dir='ltr'>Eusebii</span> <span class='ocrx_word' id='word_1_181' title='bbox 724 3810 915 3878; x_wconf 77' lang='lat' dir='ltr'>Armeniaca</span> <span class='ocrx_word' id='word_1_182' title='bbox 937 3818 1044 3878; x_wconf 90' lang='lat' dir='ltr'>nostro</span> <span class='ocrx_word' id='word_1_183' title='bbox 1061 3830 1128 3878; x_wconf 89' lang='lat' dir='ltr'>sae-</span> 
     </span>
    </p>
   </div>
   <div class='ocr_carea' id='block_1_5' title="bbox 0 0 1350 4650">
    <p class='ocr_par' dir='ltr' id='par_1_5' title="bbox 0 0 1350 4650">
     <span class='ocr_line' id='line_1_28' title="bbox 0 0 1350 4650; baseline 0 2"><span class='ocrx_word' id='word_1_184' title='bbox 0 0 1350 4650; x_wconf 95' lang='lat' dir='ltr'> </span> 
     </span>
    </p>
   </div>
  </div>
 </body>
</html>
