2692 4650
593 326 753 424 Q-

167 502 369 590 intelligitur,
413 522 486 570 oum
524 501 569 570 ad
610 503 806 587 frequentem
845 501 986 572 radicem
1027 503 1177 572 maxime·

165 649 228 716 que
260 628 297 695 iu
323 627 484 696 mamaeis
513 627 658 696 dialectis
685 604 777 703 aba
805 627 934 716 redeas,
971 650 1053 713 quae
1082 629 1178 714 sigui·

166 763 260 849 licat,
282 762 395 831 durum
418 781 505 846 esse,
528 760 700 848 imperare,
724 762 772 829 sic
792 763 935 832 arabice:
962 747 1030 827 iat}
1066 763 1176 847 durus,

171 912 275 998 fortis,
301 912 473 980 vehemens
497 911 570 998 fuit,
601 913 642 979 Π.
665 912 828 981 dominum
855 865 1009 1001 praefecit
1030 915 1177 1000 aliquem,

168 1036 205 1105 V.
227 1036 403 1104 dominium
430 1037 578 1121 obtinuit,
607 1037 809 1121 exercuitque
830 1038 895 1105 vim
918 1058 966 1122 sq.
989 1037 1069 1126 ,pola
1094 1059 1178 1124 pers.

167 1170 250 1257 Inde
270 1166 386 1255 nornen
406 1129 509 1235 gibau
530 1175 682 1256 potestas,
705 1169 821 1239 deinde
838 1171 996 1258 princeps,
1019 1171 1178 1239 Sultanus.

169 1292 312 1363 Similem
325 1295 426 1362 habes
442 1293 705 1378 significationem
720 1295 753 1359 in
767 1315 845 1362 voce
859 1295 1038 1383 propinqua
1052 1294 1179 1361 Aethio

165 1414 280 1506 pica¹).
323 1420 413 1486 Haec
434 1439 509 1487 vero
538 1419 645 1484 omnia
672 1418 706 1484 id
733 1419 943 1504 postularent,
970 1425 1005 1485 ut
1029 1418 1178 1486 Manetho

166 1544 211 1613 ad
234 1544 313 1611 illud
335 1564 450 1610 nomen
472 1542 656 1628 fingendum
677 1544 788 1608 talium
814 1544 992 1628 linguarum
1015 1544 1178 1628 ignarus

165 1689 232 1736 non
254 1668 383 1754 fuisset,
407 1674 499 1752 oenc,
524 1666 552 1733 si
574 1686 689 1733 nornen
711 1668 751 1734 ab
774 1667 827 1734 illo
851 1689 891 1734 ex
914 1667 1077 1734 Geneseos
1100 1667 1179 1732 libro

168 1799 329 1880 sumptum
352 1792 449 1860 etad
471 1812 581 1858 vocem
603 1791 785 1858 hebraicam
806 1768 939 1866 nabau
961 1791 1068 1857 fiotum
1089 1791 1179 1875 velie,

169 1915 334 1986 salterium
356 1917 445 1983 illum
466 1915 594 2000 linguae
609 1915 785 1983 Hebraioae
808 1915 919 1981 rudem
942 1915 1042 1982 fuisse
1061 1935 1179 1999 negare

167 2036 233 2110 aion
263 2042 411 2128 debebis,
440 2061 515 2107 nam
543 2040 622 2106 illud
644 2061 759 2107 nomen
782 2046 823 2107 e'x
844 2040 960 2106 veteris
983 2037 1180 2131 Testamenti

169 2166 225 2232 illo
252 2172 394 2254 tempore
422 2165 455 2230 in
477 2164 624 2250 Aegypto
646 2158 867 2249 pervulgata’)
889 2163 1033 2230 versione
1057 2162 1180 2231 Graeca

172 2288 381 2377 Septuaginta
401 2289 539 2356 virorum
562 2308 686 2355 sumere
708 2309 772 2355 non
794 2289 911 2375 potuit,
934 2270 1061 2355 cumin
1084 2310 1123 2356 ea
1144 2287 1181 2355 ti-

169 2414 255 2482 tulus
276 2392 411 2489 10³5le
439 2419 583 2481 servatus
611 2433 675 2480 non
703 2412 758 2497 sit,
786 2412 845 2479 sed
874 2411 1049 2498 explicatus
1075 2410 1180 2480 verbis

172 2528 191 2602 ὅ
216 2536 325 2623 ἅρχων
346 2538 399 2624 τῆς
420 2531 522 2623 rial·

234 2803 255 2874 ¹)
278 2802 411 2862 &senius
426 2804 496 2864 thes.
514 2803 592 2864 hebr.
610 2788 628 2863 1‘.
646 2824 674 2878 p.
687 2807 767 2864 1417.

228 2908 251 2979 ⁷)
275 2908 406 2968 Nonnulli
422 2929 456 2970 eo
474 2913 557 2970 etiam
574 2914 714 2984 progressi
731 2917 803 2984 sunt,
825 2918 856 2969 ut
873 2913 1008 2984 dicerent,
1026 2912 1182 2986 Aegyptios

172 3016 332 3075 sacerdotes
343 3034 378 3075 cx
387 3018 494 3077 Graeca
504 3019 615 3075 demum
623 3019 750 3075 versione
758 3035 786 3074 v.
792 3019 825 3074 T.
834 3018 1003 3075 ludaeorum
1015 3019 1043 3073 in
1052 3019 1182 3091 Aegypto

171 3125 342 3181 versantium
364 3124 508 3183 bistonum
526 3106 703 3198 cognovisse,
725 3124 845 3195 indeque
862 3129 913 3198 ,ut
930 3125 1073 3194 antiquum
1091 3125 1183 3197 gentis

172 3231 306 3300 pudorem
324 3232 439 3289 Graecis
456 3232 554 3288 saltem
571 3229 695 3304 Aegypti
712 3235 779 3287 tunc
797 3231 916 3288 dominis
934 3231 1062 3303 celarent,
1079 3230 1129 3286 has
1146 3229 1182 3286 de

172 3336 359 3408 Hycsosorum
371 3354 458 3410 regno
469 3337 577 3395 fabulas
589 3337 726 3394 finxisse.“
752 3337 798 3394 Sic
810 3338 1015 3396 Thorlaoius
1031 3339 1066 3394 de
1078 3338 1192 3421 Hycso·

172 3456 265 3501 sorum
282 3443 380 3502 Aburi.
406 3444 579 3500 Havn1794.
603 3482 606 3487 -
669 3482 672 3487 -

226 3551 249 3619 ⁸)
272 3551 402 3606 Fruinius
420 3567 448 3620 p.
462 3553 509 3606 6οε
540 3553 619 3624 ,Non
642 3568 755 3621 possum
775 3556 867 3607 tamen
885 3551 952 3621 quin
970 3551 1113 3608 observem
1130 3549 1184 3607 hoo

172 3670 273 3713 nomen
292 3673 348 3713 non
366 3657 483 3713 multum
501 3656 603 3714 distare
621 3675 638 3714 a
655 3655 781 3727 Walid,
802 3662 834 3713 ut
850 3663 965 3714 vocatur
982 3673 1031 3713 rex
1048 3657 1184 3713 Amaleci-

172 3763 276 3833 tarum,
296 3763 345 3832 qui
363 3763 515 3819 secundum
527 3764 703 3821 traditionem
716 3764 829 3821 Arabici
840 3764 964 3820 historici
975 3764 1080 3834 primus
1090 3764 1184 3836 Aegy·

173 3871 252 3939 ptum
270 3868 405 3939 subegit.“
432 3867 564 3926 Pauthier
581 3869 665 3928 livres
683 3873 775 3928 sacres
792 3871 828 3929 de
845 3870 967 3928 l'0rient.
982 3860 1013 3942 p.
1024 3870 1087 3929 466.
