2692 4650
659 307 700 370 al

173 488 329 572 viventes,
358 507 400 554 an
429 483 514 568 quod
536 483 702 550 Fruinio
728 482 867 570 videtur,
896 485 1030 573 scripta,
1060 487 1188 573 publiea

103 671 107 679 .
171 612 358 681 auctoritate
386 609 586 677 saoerdotum
597 604 619 694 ¹)
644 603 830 694 oarentia²),
858 610 975 710 partim
1004 631 1023 679 e
1048 611 1187 696 genuino

171 736 299 805 horoieo
325 734 463 803 carmine
486 734 644 819 derivata,
673 733 790 823 partim
812 754 831 800 e
853 735 1062 803 recentiorum
1085 756 1186 804 saoer·

172 863 281 929 dotum
308 859 403 946 hujus
432 857 581 926 carminis
611 858 835 943 explicatione,
865 859 926 926 hoo
955 866 1039 927 certe
1062 861 1186 928 definiri

170 1007 234 1054 non
262 991 382 1071 potest3
412 983 471 1053 sed
497 983 532 1049 id
553 989 676 1050 tantum
699 1003 740 1050 ox
762 983 962 1052 Manethonis
985 986 1090 1054 verbis
1114 1007 1185 1055 eon

171 1111 256 1178 eludi
273 1115 424 1196 potestat
439 1107 542 1194 debet,
565 1107 789 1176 Manethonem
804 1109 910 1195 ipsum
925 1109 959 1175 in
974 1109 1185 1180 describenda

170 1235 304 1302 historia
333 1235 437 1302 fontes
465 1255 506 1301 ex
529 1234 644 1318 quibus
666 1233 863 1301 narrationes
885 1234 1007 1320 hausit,
1035 1236 1185 1303 benedi·

170 1361 322 1429 stinxisse
344 1344 377 1427 et
394 1359 525 1426 alterius
539 1380 560 1426 a
574 1358 715 1444 Josepho
731 1356 868 1426 traditae
882 1360 1072 1428 narrationis
1087 1360 1184 1428 fidem

170 1492 267 1568 atque
288 1484 505 1552 austeritatem
527 1505 591 1551 non
614 1482 750 1551 eandem
766 1483 942 1570 judicasse,
969 1506 1066 1570 quam
1087 1487 1186 1573 priori

169 1609 312 1679 attribuit
323 1615 355 1677 et
365 1608 544 1696 adjudicari
555 1609 662 1675 voluit.
686 1607 898 1687 Quamobrem
913 1630 995 1695 quae
1012 1612 1052 1678 de
1063 1611 1184 1698 Hyoso·

169 1755 276 1803 sorum
301 1737 397 1803 rebus
419 1734 453 1801 in
476 1735 576 1802 altera
597 1734 779 1802 narratione
799 1736 962 1822 leguntur,
993 1736 1097 1805 minus
1119 1736 1184 1805 fido

169 1861 267 1955 digna
279 1859 456 1947 judicanda
471 1867 553 1946 sunt,
576 1879 680 1944 nequo
694 1859 882 1945 Lepsium
898 1861 989 1946 sequi
1003 1882 1183 1948 possumus,

168 1986 223 2071 qui
247 1986 343 2053 etiam
365 1986 448 2053 hano
470 1985 636 2054 historiam
658 2004 767 2051 veram
791 1991 823 2052 et
847 1985 911 2052 fide
935 1985 1066 2072 dignam
1089 1987 1184 2055 tradi-

156 2110 286 2179 ¹tionem
308 2132 349 2177 ex
371 2110 531 2178 veteribus
553 2108 681 2194 seriptis
705 2115 865 2194 sumptam
888 2117 1009 2196 censet,
1041 2117 1073 2178 et
1094 2132 1183 2198 prae

168 2240 257 2301 terea
278 2233 404 2320 adjioitz
430 2234 507 2302 Der
528 2231 691 2301 Berioht
713 2235 808 2300 liber
830 2232 895 2302 die
917 2234 1183 2322 Ventreibung

168 2359 238 2426 der
264 2359 535 2443 Aussttzigen
562 2362 669 2441 trttgt
696 2358 966 2426 vollkommen
994 2360 1184 2428 dasselbe

167 2484 364 2569 Gepr'age,
386 2483 460 2550 wie
480 2483 547 2550 der
562 2481 722 2548 frthere
736 2482 831 2547 tiber
846 2482 1184 2570 dieVertreibung

167 2607 237 2675 der
264 2581 426 2693 Hyhsos
459 2606 537 2673 und
570 2626 611 2673 es
641 2574 760 2690 lagen
788 2605 867 2672 ihm
895 2607 1054 2676 hierbei
1082 2631 1181 2694 ganz

167 2732 375 2801 dieselben
397 2732 507 2799 alten
522 2729 688 2808 Quellen
702 2730 778 2796 wie
793 2729 855 2796 fttr
871 2730 968 2815 jeno
983 2710 1060 2800 ror.
1090 2734 1183 2801 Hane

164 2864 272 2927 autem
294 2855 485 2924 sententiam
507 2855 683 2941 Lepsius
705 2876 769 2922 non
791 2855 1024 2942 proposuisset,
1053 2858 1117 2925 nisi
1138 2860 1182 2926 ad

165 2980 365 3048 Manethonis
388 2983 519 3049 verbum
541 2979 716 3062 λεγόμενον
731 2979 865 3047 alterum
879 2982 1011 3048 verbum
1033 2980 1181 3067 praeos-

165 3126 265 3190 μενον
280 3126 300 3171 a
313 3105 455 3191 losepho
473 3103 633 3189 adjectum
650 3123 723 3170 esse
738 3104 961 3191 oontendisset,
986 3113 1018 3172 et
1032 3108 1179 3192 maxime,

165 3229 195 3297 si
223 3229 304 3297 haee
325 3230 422 3296 verba
452 3229 492 3296 de
521 3228 660 3295 fontibus
690 3235 775 3295 reete
798 3229 841 3295 ad
863 3234 962 3296 totam
984 3231 1180 3319 leprosorum

166 3355 394 3440 narrationem,
422 3373 487 3420 non
515 3352 559 3420 ad
581 3351 650 3437 ejus
672 3353 768 3419 finem
790 3354 951 3423 retulisset
962 3350 996 3442 ⁸).
1041 3356 1117 3435 'Qua
1140 3378 1180 3425 ex

220 3526 241 3593 ¹)
265 3523 350 3594 Apud
366 3542 435 3596 quos
453 3527 543 3584 omnis
560 3527 691 3584 historiae
709 3527 822 3584 traditio
840 3534 909 3586 orat.

217 3631 241 3701 Β)
265 3631 318 3689 Oui
345 3635 498 3690 sententiae
519 3633 636 3704 Josephi
658 3634 744 3691 rerba
771 3620 965 3694 adversantur:
996 3637 1043 3692 οὐκ
1072 3641 1101 3693 ἐκ
1129 3641 1181 3695 τῶν

165 3739 230 3815 παρ’
250 3743 401 3814 Αἰγυπτίοις
417 3741 591 3815 yperephanos.

217 3845 240 3912 ⁸)
264 3848 372 3918 Λέγεται
389 3847 417 3902 δ’
431 3845 471 3902 ὅτι
487 3844 533 3916 τῆν
548 3851 679 3904 πολιτείαν
697 3850 743 3904 καὶ
767 3847 824 3910 τοὺς
844 3851 943 3922 νόμους
960 3851 1047 3912 αὑτοῖς
1063 3844 1178 3924 κατάβα-

165 3952 277 4026 λόμονος
298 3951 397 4030 lepris,
419 3951 446 4009 τὸ
465 3957 541 4030 γένος
555 3953 743 4027 Ἡλιοπολίτης
764 3955 853 4029 ὄνομα
866 3956 995 4034 ὀσαρσίφ
1017 3958 1069 4014 ἀπό
1087 3960 1132 4014 τοῦ
1149 3961 1179 4016 ἐν
